,date,shop,brand,container,quantity,capacity,sales
75,2012-01-31,shop_5,kinder-cola,glass,7496,500ml,10363.34
76,2012-01-31,shop_5,kinder-cola,plastic,5330,1.5lt,16126.87
77,2012-01-31,shop_5,kinder-cola,can,19572,330ml,8952.22
78,2012-01-31,shop_5,adult-cola,glass,14887,500ml,15714.3
79,2012-01-31,shop_5,adult-cola,plastic,9126,1.5lt,25811.66
80,2012-01-31,shop_5,adult-cola,can,17878,330ml,10498.25
81,2012-01-31,shop_5,orange-power,glass,24301,500ml,15989.22
82,2012-01-31,shop_5,orange-power,plastic,16161,1.5lt,25429.53
83,2012-01-31,shop_5,orange-power,can,39554,330ml,13599.94
84,2012-01-31,shop_5,gazoza,glass,27498,500ml,16273.51
85,2012-01-31,shop_5,gazoza,plastic,26495,1.5lt,22340.74
86,2012-01-31,shop_5,gazoza,can,41445,330ml,11083.73
87,2012-01-31,shop_5,lemon-boost,glass,13940,500ml,12752.16
88,2012-01-31,shop_5,lemon-boost,plastic,12100,1.5lt,20977.01
89,2012-01-31,shop_5,lemon-boost,can,16123,330ml,8834.46
165,2012-02-29,shop_5,kinder-cola,glass,6973,500ml,10153.4
166,2012-02-29,shop_5,kinder-cola,plastic,8347,1.5lt,19955.91
167,2012-02-29,shop_5,kinder-cola,can,6111,330ml,5121.66
168,2012-02-29,shop_5,adult-cola,glass,8701,500ml,11602.03
169,2012-02-29,shop_5,adult-cola,plastic,9505,1.5lt,25406.05
170,2012-02-29,shop_5,adult-cola,can,8850,330ml,7760.52
171,2012-02-29,shop_5,orange-power,glass,11940,500ml,11013.96
172,2012-02-29,shop_5,orange-power,plastic,11135,1.5lt,18054.27
173,2012-02-29,shop_5,orange-power,can,21358,330ml,9499.96
174,2012-02-29,shop_5,gazoza,glass,24485,500ml,12825.94
175,2012-02-29,shop_5,gazoza,plastic,13945,1.5lt,13945.39
176,2012-02-29,shop_5,gazoza,can,18011,330ml,6812.78
177,2012-02-29,shop_5,lemon-boost,glass,14859,500ml,9628.18
178,2012-02-29,shop_5,lemon-boost,plastic,8889,1.5lt,20010.86
179,2012-02-29,shop_5,lemon-boost,can,11835,330ml,6377.64
255,2012-03-31,shop_5,kinder-cola,glass,8959,500ml,12290.17
256,2012-03-31,shop_5,kinder-cola,plastic,6391,1.5lt,23444.61
257,2012-03-31,shop_5,kinder-cola,can,13943,330ml,11155.89
258,2012-03-31,shop_5,adult-cola,glass,16023,500ml,17918.57
259,2012-03-31,shop_5,adult-cola,plastic,15872,1.5lt,30981.33
260,2012-03-31,shop_5,adult-cola,can,19785,330ml,11834.79
261,2012-03-31,shop_5,orange-power,glass,23900,500ml,21222.47
262,2012-03-31,shop_5,orange-power,plastic,17776,1.5lt,25371.99
263,2012-03-31,shop_5,orange-power,can,25242,330ml,12827.34
264,2012-03-31,shop_5,gazoza,glass,55401,500ml,22403.35
265,2012-03-31,shop_5,gazoza,plastic,34972,1.5lt,18711.13
266,2012-03-31,shop_5,gazoza,can,38927,330ml,11937.13
267,2012-03-31,shop_5,lemon-boost,glass,7708,500ml,9027.12
268,2012-03-31,shop_5,lemon-boost,plastic,12816,1.5lt,22450.89
269,2012-03-31,shop_5,lemon-boost,can,19137,330ml,11135.19
345,2012-04-30,shop_5,kinder-cola,glass,12721,500ml,15358.8
346,2012-04-30,shop_5,kinder-cola,plastic,13235,1.5lt,31066.52
347,2012-04-30,shop_5,kinder-cola,can,17428,330ml,13164.76
348,2012-04-30,shop_5,adult-cola,glass,27578,500ml,24015.86
349,2012-04-30,shop_5,adult-cola,plastic,11228,1.5lt,35512.38
350,2012-04-30,shop_5,adult-cola,can,26374,330ml,15970.0
351,2012-04-30,shop_5,orange-power,glass,43559,500ml,24993.65
352,2012-04-30,shop_5,orange-power,plastic,14881,1.5lt,31955.95
353,2012-04-30,shop_5,orange-power,can,36220,330ml,15936.95
354,2012-04-30,shop_5,gazoza,glass,33570,500ml,18698.68
355,2012-04-30,shop_5,gazoza,plastic,27465,1.5lt,28134.48
356,2012-04-30,shop_5,gazoza,can,42849,330ml,13848.27
357,2012-04-30,shop_5,lemon-boost,glass,16739,500ml,16328.72
358,2012-04-30,shop_5,lemon-boost,plastic,20401,1.5lt,35999.82
359,2012-04-30,shop_5,lemon-boost,can,14762,330ml,9875.16
435,2012-05-31,shop_5,kinder-cola,glass,20660,500ml,21656.19
436,2012-05-31,shop_5,kinder-cola,plastic,9482,1.5lt,28756.71
437,2012-05-31,shop_5,kinder-cola,can,8669,330ml,8596.77
438,2012-05-31,shop_5,adult-cola,glass,13393,500ml,18651.27
439,2012-05-31,shop_5,adult-cola,plastic,13208,1.5lt,38216.77
440,2012-05-31,shop_5,adult-cola,can,38982,330ml,20702.82
441,2012-05-31,shop_5,orange-power,glass,49831,500ml,31623.04
442,2012-05-31,shop_5,orange-power,plastic,22905,1.5lt,43522.14
443,2012-05-31,shop_5,orange-power,can,39816,330ml,18152.26
444,2012-05-31,shop_5,gazoza,glass,52301,500ml,28182.29
445,2012-05-31,shop_5,gazoza,plastic,41741,1.5lt,28232.28
446,2012-05-31,shop_5,gazoza,can,31336,330ml,11517.14
447,2012-05-31,shop_5,lemon-boost,glass,31465,500ml,19718.75
448,2012-05-31,shop_5,lemon-boost,plastic,13367,1.5lt,29375.6
449,2012-05-31,shop_5,lemon-boost,can,27390,330ml,13899.36
525,2012-06-30,shop_5,kinder-cola,glass,12592,500ml,17167.68
526,2012-06-30,shop_5,kinder-cola,plastic,9485,1.5lt,32609.84
527,2012-06-30,shop_5,kinder-cola,can,18503,330ml,13831.28
528,2012-06-30,shop_5,adult-cola,glass,18944,500ml,24260.33
529,2012-06-30,shop_5,adult-cola,plastic,15340,1.5lt,45119.85
530,2012-06-30,shop_5,adult-cola,can,29439,330ml,21537.44
531,2012-06-30,shop_5,orange-power,glass,43899,500ml,32257.76
532,2012-06-30,shop_5,orange-power,plastic,43447,1.5lt,57686.99
533,2012-06-30,shop_5,orange-power,can,38126,330ml,16212.46
534,2012-06-30,shop_5,gazoza,glass,48890,500ml,27623.35
535,2012-06-30,shop_5,gazoza,plastic,30098,1.5lt,31542.05
536,2012-06-30,shop_5,gazoza,can,56729,330ml,18044.01
537,2012-06-30,shop_5,lemon-boost,glass,32484,500ml,25150.15
538,2012-06-30,shop_5,lemon-boost,plastic,17108,1.5lt,38413.88
539,2012-06-30,shop_5,lemon-boost,can,32283,330ml,15662.52
615,2012-07-31,shop_5,kinder-cola,glass,18264,500ml,22252.32
616,2012-07-31,shop_5,kinder-cola,plastic,11017,1.5lt,40569.63
617,2012-07-31,shop_5,kinder-cola,can,14781,330ml,12580.06
618,2012-07-31,shop_5,adult-cola,glass,19730,500ml,26909.6
619,2012-07-31,shop_5,adult-cola,plastic,22802,1.5lt,56261.43
620,2012-07-31,shop_5,adult-cola,can,24576,330ml,20402.67
621,2012-07-31,shop_5,orange-power,glass,29901,500ml,27870.92
622,2012-07-31,shop_5,orange-power,plastic,44282,1.5lt,64763.28
623,2012-07-31,shop_5,orange-power,can,72219,330ml,26970.52
624,2012-07-31,shop_5,gazoza,glass,71746,500ml,29674.98
625,2012-07-31,shop_5,gazoza,plastic,34961,1.5lt,37152.5
626,2012-07-31,shop_5,gazoza,can,28771,330ml,11137.26
627,2012-07-31,shop_5,lemon-boost,glass,24488,500ml,21959.14
628,2012-07-31,shop_5,lemon-boost,plastic,18032,1.5lt,35170.32
629,2012-07-31,shop_5,lemon-boost,can,42119,330ml,19671.27
705,2012-08-31,shop_5,kinder-cola,glass,12359,500ml,16647.21
706,2012-08-31,shop_5,kinder-cola,plastic,15913,1.5lt,36240.8
707,2012-08-31,shop_5,kinder-cola,can,18809,330ml,14457.97
708,2012-08-31,shop_5,adult-cola,glass,35880,500ml,29295.97
709,2012-08-31,shop_5,adult-cola,plastic,16500,1.5lt,43834.18
710,2012-08-31,shop_5,adult-cola,can,18201,330ml,15335.45
711,2012-08-31,shop_5,orange-power,glass,40594,500ml,33209.03
712,2012-08-31,shop_5,orange-power,plastic,31841,1.5lt,33400.6
713,2012-08-31,shop_5,orange-power,can,37204,330ml,18025.93
714,2012-08-31,shop_5,gazoza,glass,46582,500ml,23891.03
715,2012-08-31,shop_5,gazoza,plastic,38264,1.5lt,32422.12
716,2012-08-31,shop_5,gazoza,can,72641,330ml,14789.81
717,2012-08-31,shop_5,lemon-boost,glass,19250,500ml,19152.29
718,2012-08-31,shop_5,lemon-boost,plastic,25413,1.5lt,34149.37
719,2012-08-31,shop_5,lemon-boost,can,28005,330ml,13724.57
795,2012-09-30,shop_5,kinder-cola,glass,9632,500ml,13449.54
796,2012-09-30,shop_5,kinder-cola,plastic,6799,1.5lt,26219.28
797,2012-09-30,shop_5,kinder-cola,can,7791,330ml,7903.54
798,2012-09-30,shop_5,adult-cola,glass,13783,500ml,16856.13
799,2012-09-30,shop_5,adult-cola,plastic,9269,1.5lt,27656.82
800,2012-09-30,shop_5,adult-cola,can,21386,330ml,13483.26
801,2012-09-30,shop_5,orange-power,glass,41586,500ml,25770.42
802,2012-09-30,shop_5,orange-power,plastic,15531,1.5lt,32011.52
803,2012-09-30,shop_5,orange-power,can,20140,330ml,11941.73
804,2012-09-30,shop_5,gazoza,glass,42234,500ml,22983.19
805,2012-09-30,shop_5,gazoza,plastic,35265,1.5lt,26082.55
806,2012-09-30,shop_5,gazoza,can,43642,330ml,14514.71
807,2012-09-30,shop_5,lemon-boost,glass,20362,500ml,17949.86
808,2012-09-30,shop_5,lemon-boost,plastic,6822,1.5lt,19122.93
809,2012-09-30,shop_5,lemon-boost,can,33340,330ml,13430.44
885,2012-10-31,shop_5,kinder-cola,glass,18681,500ml,12813.21
886,2012-10-31,shop_5,kinder-cola,plastic,9395,1.5lt,23309.96
887,2012-10-31,shop_5,kinder-cola,can,13495,330ml,10052.44
888,2012-10-31,shop_5,adult-cola,glass,18375,500ml,18830.39
889,2012-10-31,shop_5,adult-cola,plastic,10993,1.5lt,26843.85
890,2012-10-31,shop_5,adult-cola,can,25511,330ml,14516.35
891,2012-10-31,shop_5,orange-power,glass,33081,500ml,18768.99
892,2012-10-31,shop_5,orange-power,plastic,13739,1.5lt,26246.68
893,2012-10-31,shop_5,orange-power,can,40466,330ml,15618.2
894,2012-10-31,shop_5,gazoza,glass,49125,500ml,21227.45
895,2012-10-31,shop_5,gazoza,plastic,44657,1.5lt,15117.43
896,2012-10-31,shop_5,gazoza,can,30803,330ml,10013.6
897,2012-10-31,shop_5,lemon-boost,glass,19447,500ml,15097.72
898,2012-10-31,shop_5,lemon-boost,plastic,13150,1.5lt,23946.74
899,2012-10-31,shop_5,lemon-boost,can,23629,330ml,11693.01
975,2012-11-30,shop_5,kinder-cola,glass,11970,500ml,14569.45
976,2012-11-30,shop_5,kinder-cola,plastic,10053,1.5lt,24874.16
977,2012-11-30,shop_5,kinder-cola,can,12070,330ml,7874.12
978,2012-11-30,shop_5,adult-cola,glass,13906,500ml,18017.23
979,2012-11-30,shop_5,adult-cola,plastic,18894,1.5lt,36960.06
980,2012-11-30,shop_5,adult-cola,can,19537,330ml,13074.91
981,2012-11-30,shop_5,orange-power,glass,32424,500ml,20585.62
982,2012-11-30,shop_5,orange-power,plastic,22469,1.5lt,25760.29
983,2012-11-30,shop_5,orange-power,can,15194,330ml,8822.83
984,2012-11-30,shop_5,gazoza,glass,52603,500ml,20701.07
985,2012-11-30,shop_5,gazoza,plastic,20065,1.5lt,20233.51
986,2012-11-30,shop_5,gazoza,can,59991,330ml,12723.78
987,2012-11-30,shop_5,lemon-boost,glass,12544,500ml,11955.36
988,2012-11-30,shop_5,lemon-boost,plastic,14904,1.5lt,24025.62
989,2012-11-30,shop_5,lemon-boost,can,14430,330ml,9014.09
1065,2012-12-31,shop_5,kinder-cola,glass,7497,500ml,10523.27
1066,2012-12-31,shop_5,kinder-cola,plastic,9485,1.5lt,29708.28
1067,2012-12-31,shop_5,kinder-cola,can,14501,330ml,12056.24
1068,2012-12-31,shop_5,adult-cola,glass,28450,500ml,23973.64
1069,2012-12-31,shop_5,adult-cola,plastic,17890,1.5lt,34060.18
1070,2012-12-31,shop_5,adult-cola,can,25129,330ml,16193.99
1071,2012-12-31,shop_5,orange-power,glass,28010,500ml,24795.84
1072,2012-12-31,shop_5,orange-power,plastic,19296,1.5lt,28796.53
1073,2012-12-31,shop_5,orange-power,can,23250,330ml,14026.77
1074,2012-12-31,shop_5,gazoza,glass,58838,500ml,28862.57
1075,2012-12-31,shop_5,gazoza,plastic,16150,1.5lt,21251.78
1076,2012-12-31,shop_5,gazoza,can,46834,330ml,11719.78
1077,2012-12-31,shop_5,lemon-boost,glass,21501,500ml,17055.68
1078,2012-12-31,shop_5,lemon-boost,plastic,14381,1.5lt,28480.67
1079,2012-12-31,shop_5,lemon-boost,can,34287,330ml,13046.16
1155,2013-01-31,shop_5,kinder-cola,glass,11645,500ml,11733.07
1156,2013-01-31,shop_5,kinder-cola,plastic,6193,1.5lt,16622.74
1157,2013-01-31,shop_5,kinder-cola,can,8052,330ml,7887.87
1158,2013-01-31,shop_5,adult-cola,glass,11937,500ml,14684.38
1159,2013-01-31,shop_5,adult-cola,plastic,7275,1.5lt,23712.31
1160,2013-01-31,shop_5,adult-cola,can,13255,330ml,9790.87
1161,2013-01-31,shop_5,orange-power,glass,10028,500ml,10613.12
1162,2013-01-31,shop_5,orange-power,plastic,17597,1.5lt,25871.58
1163,2013-01-31,shop_5,orange-power,can,27216,330ml,13354.42
1164,2013-01-31,shop_5,gazoza,glass,45807,500ml,18107.57
1165,2013-01-31,shop_5,gazoza,plastic,18507,1.5lt,21985.59
1166,2013-01-31,shop_5,gazoza,can,23237,330ml,8948.79
1167,2013-01-31,shop_5,lemon-boost,glass,18004,500ml,13699.67
1168,2013-01-31,shop_5,lemon-boost,plastic,9720,1.5lt,21074.11
1169,2013-01-31,shop_5,lemon-boost,can,13509,330ml,8383.99
1245,2013-02-28,shop_5,kinder-cola,glass,8968,500ml,11662.87
1246,2013-02-28,shop_5,kinder-cola,plastic,5980,1.5lt,20009.76
1247,2013-02-28,shop_5,kinder-cola,can,6966,330ml,5501.33
1248,2013-02-28,shop_5,adult-cola,glass,9873,500ml,12826.54
1249,2013-02-28,shop_5,adult-cola,plastic,12661,1.5lt,26319.64
1250,2013-02-28,shop_5,adult-cola,can,29358,330ml,10107.91
1251,2013-02-28,shop_5,orange-power,glass,17496,500ml,13359.18
1252,2013-02-28,shop_5,orange-power,plastic,8104,1.5lt,16770.56
1253,2013-02-28,shop_5,orange-power,can,27414,330ml,9803.78
1254,2013-02-28,shop_5,gazoza,glass,17866,500ml,11426.96
1255,2013-02-28,shop_5,gazoza,plastic,11447,1.5lt,13591.82
1256,2013-02-28,shop_5,gazoza,can,32930,330ml,8894.51
1257,2013-02-28,shop_5,lemon-boost,glass,6672,500ml,7623.18
1258,2013-02-28,shop_5,lemon-boost,plastic,10915,1.5lt,21439.25
1259,2013-02-28,shop_5,lemon-boost,can,11749,330ml,6506.32
1335,2013-03-31,shop_5,kinder-cola,glass,13687,500ml,13820.54
1336,2013-03-31,shop_5,kinder-cola,plastic,9335,1.5lt,26961.36
1337,2013-03-31,shop_5,kinder-cola,can,16125,330ml,11881.52
1338,2013-03-31,shop_5,adult-cola,glass,15934,500ml,18281.66
1339,2013-03-31,shop_5,adult-cola,plastic,10445,1.5lt,30516.83
1340,2013-03-31,shop_5,adult-cola,can,16165,330ml,11434.86
1341,2013-03-31,shop_5,orange-power,glass,19515,500ml,19227.08
1342,2013-03-31,shop_5,orange-power,plastic,10434,1.5lt,22598.4
1343,2013-03-31,shop_5,orange-power,can,36006,330ml,14441.47
1344,2013-03-31,shop_5,gazoza,glass,25882,500ml,17690.38
1345,2013-03-31,shop_5,gazoza,plastic,33339,1.5lt,20411.49
1346,2013-03-31,shop_5,gazoza,can,58831,330ml,12007.61
1347,2013-03-31,shop_5,lemon-boost,glass,18334,500ml,13455.82
1348,2013-03-31,shop_5,lemon-boost,plastic,9824,1.5lt,22165.51
1349,2013-03-31,shop_5,lemon-boost,can,40713,330ml,8727.89
1425,2013-04-30,shop_5,kinder-cola,glass,13220,500ml,15847.08
1426,2013-04-30,shop_5,kinder-cola,plastic,8097,1.5lt,29566.78
1427,2013-04-30,shop_5,kinder-cola,can,12867,330ml,11840.9
1428,2013-04-30,shop_5,adult-cola,glass,21497,500ml,23644.99
1429,2013-04-30,shop_5,adult-cola,plastic,19650,1.5lt,41888.93
1430,2013-04-30,shop_5,adult-cola,can,24556,330ml,16076.86
1431,2013-04-30,shop_5,orange-power,glass,52170,500ml,22949.93
1432,2013-04-30,shop_5,orange-power,plastic,15232,1.5lt,33095.73
1433,2013-04-30,shop_5,orange-power,can,39854,330ml,16540.39
1434,2013-04-30,shop_5,gazoza,glass,31425,500ml,18601.95
1435,2013-04-30,shop_5,gazoza,plastic,45953,1.5lt,20437.03
1436,2013-04-30,shop_5,gazoza,can,50780,330ml,14927.71
1437,2013-04-30,shop_5,lemon-boost,glass,15860,500ml,16266.03
1438,2013-04-30,shop_5,lemon-boost,plastic,18791,1.5lt,36839.52
1439,2013-04-30,shop_5,lemon-boost,can,32820,330ml,12472.01
1515,2013-05-31,shop_5,kinder-cola,glass,16506,500ml,21260.35
1516,2013-05-31,shop_5,kinder-cola,plastic,9407,1.5lt,29358.87
1517,2013-05-31,shop_5,kinder-cola,can,23970,330ml,10620.74
1518,2013-05-31,shop_5,adult-cola,glass,22950,500ml,25857.84
1519,2013-05-31,shop_5,adult-cola,plastic,10408,1.5lt,34642.75
1520,2013-05-31,shop_5,adult-cola,can,37398,330ml,21208.0
1521,2013-05-31,shop_5,orange-power,glass,34520,500ml,29615.83
1522,2013-05-31,shop_5,orange-power,plastic,24049,1.5lt,45250.37
1523,2013-05-31,shop_5,orange-power,can,41537,330ml,18767.98
1524,2013-05-31,shop_5,gazoza,glass,63516,500ml,29966.03
1525,2013-05-31,shop_5,gazoza,plastic,27078,1.5lt,30627.97
1526,2013-05-31,shop_5,gazoza,can,41590,330ml,13563.84
1527,2013-05-31,shop_5,lemon-boost,glass,25665,500ml,20670.34
1528,2013-05-31,shop_5,lemon-boost,plastic,10186,1.5lt,26612.34
1529,2013-05-31,shop_5,lemon-boost,can,33465,330ml,14294.07
1605,2013-06-30,shop_5,kinder-cola,glass,12939,500ml,17769.12
1606,2013-06-30,shop_5,kinder-cola,plastic,11639,1.5lt,35343.02
1607,2013-06-30,shop_5,kinder-cola,can,16589,330ml,13662.98
1608,2013-06-30,shop_5,adult-cola,glass,23206,500ml,27614.51
1609,2013-06-30,shop_5,adult-cola,plastic,14544,1.5lt,45021.04
1610,2013-06-30,shop_5,adult-cola,can,33020,330ml,23146.72
1611,2013-06-30,shop_5,orange-power,glass,35023,500ml,30406.87
1612,2013-06-30,shop_5,orange-power,plastic,41540,1.5lt,59699.98
1613,2013-06-30,shop_5,orange-power,can,9193,330ml,6527.8
1614,2013-06-30,shop_5,gazoza,glass,68414,500ml,30166.22
1615,2013-06-30,shop_5,gazoza,plastic,51130,1.5lt,23662.09
1616,2013-06-30,shop_5,gazoza,can,48469,330ml,17191.85
1617,2013-06-30,shop_5,lemon-boost,glass,18033,500ml,20229.16
1618,2013-06-30,shop_5,lemon-boost,plastic,23702,1.5lt,40829.55
1619,2013-06-30,shop_5,lemon-boost,can,34668,330ml,16080.27
1695,2013-07-31,shop_5,kinder-cola,glass,16413,500ml,21946.56
1696,2013-07-31,shop_5,kinder-cola,plastic,18117,1.5lt,46517.7
1697,2013-07-31,shop_5,kinder-cola,can,19923,330ml,14099.97
1698,2013-07-31,shop_5,adult-cola,glass,20501,500ml,28233.05
1699,2013-07-31,shop_5,adult-cola,plastic,25192,1.5lt,57799.18
1700,2013-07-31,shop_5,adult-cola,can,38902,330ml,26534.49
1701,2013-07-31,shop_5,orange-power,glass,48105,500ml,34831.04
1702,2013-07-31,shop_5,orange-power,plastic,36744,1.5lt,65420.54
1703,2013-07-31,shop_5,orange-power,can,59607,330ml,27088.52
1704,2013-07-31,shop_5,gazoza,glass,44319,500ml,27169.21
1705,2013-07-31,shop_5,gazoza,plastic,40513,1.5lt,38512.96
1706,2013-07-31,shop_5,gazoza,can,37603,330ml,13362.24
1707,2013-07-31,shop_5,lemon-boost,glass,15797,500ml,17942.7
1708,2013-07-31,shop_5,lemon-boost,plastic,17051,1.5lt,35664.68
1709,2013-07-31,shop_5,lemon-boost,can,24045,330ml,16177.11
1785,2013-08-31,shop_5,kinder-cola,glass,15726,500ml,18360.29
1786,2013-08-31,shop_5,kinder-cola,plastic,19293,1.5lt,31424.16
1787,2013-08-31,shop_5,kinder-cola,can,18813,330ml,14784.21
1788,2013-08-31,shop_5,adult-cola,glass,20017,500ml,25611.18
1789,2013-08-31,shop_5,adult-cola,plastic,21629,1.5lt,45392.81
1790,2013-08-31,shop_5,adult-cola,can,45896,330ml,20443.05
1791,2013-08-31,shop_5,orange-power,glass,38392,500ml,33140.51
1792,2013-08-31,shop_5,orange-power,plastic,16220,1.5lt,34085.36
1793,2013-08-31,shop_5,orange-power,can,65286,330ml,17455.16
1794,2013-08-31,shop_5,gazoza,glass,30713,500ml,20248.08
1795,2013-08-31,shop_5,gazoza,plastic,37988,1.5lt,33207.42
1796,2013-08-31,shop_5,gazoza,can,57886,330ml,15806.66
1797,2013-08-31,shop_5,lemon-boost,glass,22228,500ml,20836.89
1798,2013-08-31,shop_5,lemon-boost,plastic,16672,1.5lt,36723.2
1799,2013-08-31,shop_5,lemon-boost,can,26068,330ml,13840.59
1875,2013-09-30,shop_5,kinder-cola,glass,15458,500ml,15343.07
1876,2013-09-30,shop_5,kinder-cola,plastic,14718,1.5lt,29224.35
1877,2013-09-30,shop_5,kinder-cola,can,15667,330ml,11496.99
1878,2013-09-30,shop_5,adult-cola,glass,17693,500ml,19163.36
1879,2013-09-30,shop_5,adult-cola,plastic,6268,1.5lt,22476.92
1880,2013-09-30,shop_5,adult-cola,can,19332,330ml,13372.9
1881,2013-09-30,shop_5,orange-power,glass,27140,500ml,23754.93
1882,2013-09-30,shop_5,orange-power,plastic,22415,1.5lt,36686.27
1883,2013-09-30,shop_5,orange-power,can,51166,330ml,15944.23
1884,2013-09-30,shop_5,gazoza,glass,25862,500ml,18037.85
1885,2013-09-30,shop_5,gazoza,plastic,22145,1.5lt,26522.63
1886,2013-09-30,shop_5,gazoza,can,48016,330ml,15426.23
1887,2013-09-30,shop_5,lemon-boost,glass,24890,500ml,18934.99
1888,2013-09-30,shop_5,lemon-boost,plastic,11517,1.5lt,25741.28
1889,2013-09-30,shop_5,lemon-boost,can,36876,330ml,13152.91
1965,2013-10-31,shop_5,kinder-cola,glass,8211,500ml,12412.67
1966,2013-10-31,shop_5,kinder-cola,plastic,8221,1.5lt,24027.16
1967,2013-10-31,shop_5,kinder-cola,can,10807,330ml,9470.67
1968,2013-10-31,shop_5,adult-cola,glass,15970,500ml,18390.85
1969,2013-10-31,shop_5,adult-cola,plastic,10419,1.5lt,27215.13
1970,2013-10-31,shop_5,adult-cola,can,24970,330ml,14821.11
1971,2013-10-31,shop_5,orange-power,glass,20285,500ml,17645.84
1972,2013-10-31,shop_5,orange-power,plastic,26896,1.5lt,21207.52
1973,2013-10-31,shop_5,orange-power,can,27049,330ml,14288.14
1974,2013-10-31,shop_5,gazoza,glass,31670,500ml,19376.45
1975,2013-10-31,shop_5,gazoza,plastic,33114,1.5lt,25128.02
1976,2013-10-31,shop_5,gazoza,can,33478,330ml,10560.54
1977,2013-10-31,shop_5,lemon-boost,glass,17384,500ml,15164.31
1978,2013-10-31,shop_5,lemon-boost,plastic,14198,1.5lt,24263.03
1979,2013-10-31,shop_5,lemon-boost,can,19368,330ml,11289.76
2055,2013-11-30,shop_5,kinder-cola,glass,11955,500ml,14892.12
2056,2013-11-30,shop_5,kinder-cola,plastic,10190,1.5lt,25350.81
2057,2013-11-30,shop_5,kinder-cola,can,15141,330ml,7517.25
2058,2013-11-30,shop_5,adult-cola,glass,15242,500ml,19437.37
2059,2013-11-30,shop_5,adult-cola,plastic,21203,1.5lt,35405.35
2060,2013-11-30,shop_5,adult-cola,can,28478,330ml,13613.78
2061,2013-11-30,shop_5,orange-power,glass,23031,500ml,19488.53
2062,2013-11-30,shop_5,orange-power,plastic,17267,1.5lt,28226.88
2063,2013-11-30,shop_5,orange-power,can,30279,330ml,11851.18
2064,2013-11-30,shop_5,gazoza,glass,33294,500ml,19726.03
2065,2013-11-30,shop_5,gazoza,plastic,20793,1.5lt,20751.63
2066,2013-11-30,shop_5,gazoza,can,43696,330ml,13164.39
2067,2013-11-30,shop_5,lemon-boost,glass,6988,500ml,8540.83
2068,2013-11-30,shop_5,lemon-boost,plastic,12010,1.5lt,24774.86
2069,2013-11-30,shop_5,lemon-boost,can,13304,330ml,8802.69
2145,2013-12-31,shop_5,kinder-cola,glass,11101,500ml,12133.03
2146,2013-12-31,shop_5,kinder-cola,plastic,13760,1.5lt,29052.42
2147,2013-12-31,shop_5,kinder-cola,can,23541,330ml,12860.89
2148,2013-12-31,shop_5,adult-cola,glass,20120,500ml,23102.38
2149,2013-12-31,shop_5,adult-cola,plastic,11671,1.5lt,33904.64
2150,2013-12-31,shop_5,adult-cola,can,22618,330ml,15979.66
2151,2013-12-31,shop_5,orange-power,glass,29821,500ml,26175.33
2152,2013-12-31,shop_5,orange-power,plastic,25967,1.5lt,24866.95
2153,2013-12-31,shop_5,orange-power,can,50432,330ml,20457.62
2154,2013-12-31,shop_5,gazoza,glass,39989,500ml,25421.12
2155,2013-12-31,shop_5,gazoza,plastic,20581,1.5lt,24319.43
2156,2013-12-31,shop_5,gazoza,can,37471,330ml,11623.39
2157,2013-12-31,shop_5,lemon-boost,glass,12836,500ml,14149.51
2158,2013-12-31,shop_5,lemon-boost,plastic,15869,1.5lt,29247.7
2159,2013-12-31,shop_5,lemon-boost,can,22577,330ml,12974.26
2235,2014-01-31,shop_5,kinder-cola,glass,6549,500ml,10081.86
2236,2014-01-31,shop_5,kinder-cola,plastic,5677,1.5lt,16994.1
2237,2014-01-31,shop_5,kinder-cola,can,19636,330ml,9328.58
2238,2014-01-31,shop_5,adult-cola,glass,12648,500ml,15431.48
2239,2014-01-31,shop_5,adult-cola,plastic,19045,1.5lt,17967.25
2240,2014-01-31,shop_5,adult-cola,can,14346,330ml,10351.65
2241,2014-01-31,shop_5,orange-power,glass,19068,500ml,15865.57
2242,2014-01-31,shop_5,orange-power,plastic,14110,1.5lt,26057.86
2243,2014-01-31,shop_5,orange-power,can,16696,330ml,10396.7
2244,2014-01-31,shop_5,gazoza,glass,32944,500ml,18272.52
2245,2014-01-31,shop_5,gazoza,plastic,20712,1.5lt,23242.88
2246,2014-01-31,shop_5,gazoza,can,30163,330ml,10562.35
2247,2014-01-31,shop_5,lemon-boost,glass,9008,500ml,10560.26
2248,2014-01-31,shop_5,lemon-boost,plastic,12197,1.5lt,21895.78
2249,2014-01-31,shop_5,lemon-boost,can,13586,330ml,8592.63
2325,2014-02-28,shop_5,kinder-cola,glass,9801,500ml,12238.84
2326,2014-02-28,shop_5,kinder-cola,plastic,6036,1.5lt,20510.0
2327,2014-02-28,shop_5,kinder-cola,can,11112,330ml,5266.79
2328,2014-02-28,shop_5,adult-cola,glass,6431,500ml,9779.12
2329,2014-02-28,shop_5,adult-cola,plastic,4727,1.5lt,17988.6
2330,2014-02-28,shop_5,adult-cola,can,13963,330ml,10829.98
2331,2014-02-28,shop_5,orange-power,glass,14486,500ml,12745.09
2332,2014-02-28,shop_5,orange-power,plastic,10656,1.5lt,18763.39
2333,2014-02-28,shop_5,orange-power,can,33824,330ml,8806.41
2334,2014-02-28,shop_5,gazoza,glass,19221,500ml,12145.99
2335,2014-02-28,shop_5,gazoza,plastic,15272,1.5lt,14592.92
2336,2014-02-28,shop_5,gazoza,can,26879,330ml,8719.71
2337,2014-02-28,shop_5,lemon-boost,glass,14179,500ml,10178.75
2338,2014-02-28,shop_5,lemon-boost,plastic,9629,1.5lt,21438.57
2339,2014-02-28,shop_5,lemon-boost,can,14748,330ml,6889.66
2415,2014-03-31,shop_5,kinder-cola,glass,12958,500ml,14174.69
2416,2014-03-31,shop_5,kinder-cola,plastic,9947,1.5lt,27537.95
2417,2014-03-31,shop_5,kinder-cola,can,9863,330ml,9778.37
2418,2014-03-31,shop_5,adult-cola,glass,18136,500ml,19490.46
2419,2014-03-31,shop_5,adult-cola,plastic,7521,1.5lt,26291.51
2420,2014-03-31,shop_5,adult-cola,can,18392,330ml,12189.22
2421,2014-03-31,shop_5,orange-power,glass,28363,500ml,24038.35
2422,2014-03-31,shop_5,orange-power,plastic,17183,1.5lt,26631.2
2423,2014-03-31,shop_5,orange-power,can,26590,330ml,13717.06
2424,2014-03-31,shop_5,gazoza,glass,31968,500ml,20512.15
2425,2014-03-31,shop_5,gazoza,plastic,19494,1.5lt,23205.75
2426,2014-03-31,shop_5,gazoza,can,43345,330ml,12813.86
2427,2014-03-31,shop_5,lemon-boost,glass,15621,500ml,13606.46
2428,2014-03-31,shop_5,lemon-boost,plastic,14216,1.5lt,22862.45
2429,2014-03-31,shop_5,lemon-boost,can,13883,330ml,9756.51
2505,2014-04-30,shop_5,kinder-cola,glass,6441,500ml,11092.64
2506,2014-04-30,shop_5,kinder-cola,plastic,14503,1.5lt,30997.08
2507,2014-04-30,shop_5,kinder-cola,can,19908,330ml,14078.85
2508,2014-04-30,shop_5,adult-cola,glass,21371,500ml,24118.46
2509,2014-04-30,shop_5,adult-cola,plastic,14001,1.5lt,41082.55
2510,2014-04-30,shop_5,adult-cola,can,21905,330ml,15817.57
2511,2014-04-30,shop_5,orange-power,glass,24280,500ml,22713.71
2512,2014-04-30,shop_5,orange-power,plastic,24033,1.5lt,39218.59
2513,2014-04-30,shop_5,orange-power,can,54986,330ml,15160.83
2514,2014-04-30,shop_5,gazoza,glass,19718,500ml,14393.54
2515,2014-04-30,shop_5,gazoza,plastic,29154,1.5lt,29568.03
2516,2014-04-30,shop_5,gazoza,can,45613,330ml,14812.09
2517,2014-04-30,shop_5,lemon-boost,glass,22559,500ml,18697.18
2518,2014-04-30,shop_5,lemon-boost,plastic,22639,1.5lt,36723.87
2519,2014-04-30,shop_5,lemon-boost,can,20923,330ml,12408.63
2595,2014-05-31,shop_5,kinder-cola,glass,21101,500ml,22618.73
2596,2014-05-31,shop_5,kinder-cola,plastic,11786,1.5lt,29968.99
2597,2014-05-31,shop_5,kinder-cola,can,22029,330ml,11605.95
2598,2014-05-31,shop_5,adult-cola,glass,26548,500ml,27533.67
2599,2014-05-31,shop_5,adult-cola,plastic,17253,1.5lt,42744.44
2600,2014-05-31,shop_5,adult-cola,can,25991,330ml,19664.63
2601,2014-05-31,shop_5,orange-power,glass,24133,500ml,24657.9
2602,2014-05-31,shop_5,orange-power,plastic,26068,1.5lt,47247.46
2603,2014-05-31,shop_5,orange-power,can,39901,330ml,18980.76
2604,2014-05-31,shop_5,gazoza,glass,47304,500ml,28342.4
2605,2014-05-31,shop_5,gazoza,plastic,24191,1.5lt,30104.05
2606,2014-05-31,shop_5,gazoza,can,40732,330ml,13749.36
2607,2014-05-31,shop_5,lemon-boost,glass,20632,500ml,19994.26
2608,2014-05-31,shop_5,lemon-boost,plastic,15310,1.5lt,31665.73
2609,2014-05-31,shop_5,lemon-boost,can,23532,330ml,13880.16
2685,2014-06-30,shop_5,kinder-cola,glass,14922,500ml,19134.41
2686,2014-06-30,shop_5,kinder-cola,plastic,15188,1.5lt,34889.61
2687,2014-06-30,shop_5,kinder-cola,can,13491,330ml,12678.93
2688,2014-06-30,shop_5,adult-cola,glass,20819,500ml,26742.93
2689,2014-06-30,shop_5,adult-cola,plastic,27121,1.5lt,47258.41
2690,2014-06-30,shop_5,adult-cola,can,35764,330ml,24303.72
2691,2014-06-30,shop_5,orange-power,glass,48437,500ml,34236.75
2692,2014-06-30,shop_5,orange-power,plastic,27978,1.5lt,57268.01
2693,2014-06-30,shop_5,orange-power,can,39106,330ml,17004.85
2694,2014-06-30,shop_5,gazoza,glass,32201,500ml,22860.55
2695,2014-06-30,shop_5,gazoza,plastic,50528,1.5lt,24797.87
2696,2014-06-30,shop_5,gazoza,can,46894,330ml,17268.5
2697,2014-06-30,shop_5,lemon-boost,glass,10911,500ml,14323.45
2698,2014-06-30,shop_5,lemon-boost,plastic,27666,1.5lt,38962.48
2699,2014-06-30,shop_5,lemon-boost,can,37376,330ml,16319.37
2775,2014-07-31,shop_5,kinder-cola,glass,16047,500ml,22225.59
2776,2014-07-31,shop_5,kinder-cola,plastic,23103,1.5lt,40766.18
2777,2014-07-31,shop_5,kinder-cola,can,16234,330ml,13676.51
2778,2014-07-31,shop_5,adult-cola,glass,21438,500ml,29709.11
2779,2014-07-31,shop_5,adult-cola,plastic,26294,1.5lt,58823.05
2780,2014-07-31,shop_5,adult-cola,can,41265,330ml,27605.45
2781,2014-07-31,shop_5,orange-power,glass,42723,500ml,34571.2
2782,2014-07-31,shop_5,orange-power,plastic,43719,1.5lt,67768.32
2783,2014-07-31,shop_5,orange-power,can,61517,330ml,27880.51
2784,2014-07-31,shop_5,gazoza,glass,48725,500ml,29006.65
2785,2014-07-31,shop_5,gazoza,plastic,29409,1.5lt,36745.34
2786,2014-07-31,shop_5,gazoza,can,48003,330ml,15095.93
2787,2014-07-31,shop_5,lemon-boost,glass,29016,500ml,23808.06
2788,2014-07-31,shop_5,lemon-boost,plastic,13148,1.5lt,33309.21
2789,2014-07-31,shop_5,lemon-boost,can,42622,330ml,20565.29
2865,2014-08-31,shop_5,kinder-cola,glass,13924,500ml,18211.74
2866,2014-08-31,shop_5,kinder-cola,plastic,11188,1.5lt,37813.7
2867,2014-08-31,shop_5,kinder-cola,can,23657,330ml,15566.23
2868,2014-08-31,shop_5,adult-cola,glass,23689,500ml,28484.7
2869,2014-08-31,shop_5,adult-cola,plastic,15672,1.5lt,45105.2
2870,2014-08-31,shop_5,adult-cola,can,32863,330ml,21536.53
2871,2014-08-31,shop_5,orange-power,glass,62554,500ml,36434.89
2872,2014-08-31,shop_5,orange-power,plastic,16428,1.5lt,35052.11
2873,2014-08-31,shop_5,orange-power,can,35772,330ml,18537.2
2874,2014-08-31,shop_5,gazoza,glass,38502,500ml,23337.27
2875,2014-08-31,shop_5,gazoza,plastic,27559,1.5lt,32883.74
2876,2014-08-31,shop_5,gazoza,can,38186,330ml,14037.48
2877,2014-08-31,shop_5,lemon-boost,glass,16950,500ml,18691.75
2878,2014-08-31,shop_5,lemon-boost,plastic,25567,1.5lt,35520.87
2879,2014-08-31,shop_5,lemon-boost,can,25365,330ml,14044.43
2955,2014-09-30,shop_5,kinder-cola,glass,16942,500ml,15266.69
2956,2014-09-30,shop_5,kinder-cola,plastic,7976,1.5lt,29770.7
2957,2014-09-30,shop_5,kinder-cola,can,25032,330ml,9543.27
2958,2014-09-30,shop_5,adult-cola,glass,14170,500ml,17869.33
2959,2014-09-30,shop_5,adult-cola,plastic,23587,1.5lt,12009.15
2960,2014-09-30,shop_5,adult-cola,can,27338,330ml,14198.76
2961,2014-09-30,shop_5,orange-power,glass,33351,500ml,26292.44
2962,2014-09-30,shop_5,orange-power,plastic,37383,1.5lt,23418.24
2963,2014-09-30,shop_5,orange-power,can,42333,330ml,17111.39
2964,2014-09-30,shop_5,gazoza,glass,33660,500ml,21682.43
2965,2014-09-30,shop_5,gazoza,plastic,36431,1.5lt,26696.82
2966,2014-09-30,shop_5,gazoza,can,51718,330ml,16140.35
2967,2014-09-30,shop_5,lemon-boost,glass,14189,500ml,15851.08
2968,2014-09-30,shop_5,lemon-boost,plastic,17839,1.5lt,25254.86
2969,2014-09-30,shop_5,lemon-boost,can,22510,330ml,13366.4
3045,2014-10-31,shop_5,kinder-cola,glass,14307,500ml,15204.92
3046,2014-10-31,shop_5,kinder-cola,plastic,7372,1.5lt,24121.59
3047,2014-10-31,shop_5,kinder-cola,can,15051,330ml,10694.85
3048,2014-10-31,shop_5,adult-cola,glass,22174,500ml,20032.24
3049,2014-10-31,shop_5,adult-cola,plastic,11012,1.5lt,28057.38
3050,2014-10-31,shop_5,adult-cola,can,21225,330ml,14636.9
3051,2014-10-31,shop_5,orange-power,glass,18981,500ml,17447.65
3052,2014-10-31,shop_5,orange-power,plastic,18560,1.5lt,28955.89
3053,2014-10-31,shop_5,orange-power,can,24817,330ml,13961.24
3054,2014-10-31,shop_5,gazoza,glass,28550,500ml,18738.51
3055,2014-10-31,shop_5,gazoza,plastic,17539,1.5lt,23583.54
3056,2014-10-31,shop_5,gazoza,can,27939,330ml,10009.53
3057,2014-10-31,shop_5,lemon-boost,glass,10744,500ml,12352.5
3058,2014-10-31,shop_5,lemon-boost,plastic,15235,1.5lt,24249.06
3059,2014-10-31,shop_5,lemon-boost,can,17349,330ml,10981.6
3135,2014-11-30,shop_5,kinder-cola,glass,9924,500ml,14187.62
3136,2014-11-30,shop_5,kinder-cola,plastic,5920,1.5lt,23002.46
3137,2014-11-30,shop_5,kinder-cola,can,9545,330ml,7875.15
3138,2014-11-30,shop_5,adult-cola,glass,20561,500ml,22652.4
3139,2014-11-30,shop_5,adult-cola,plastic,11433,1.5lt,35844.73
3140,2014-11-30,shop_5,adult-cola,can,16530,330ml,12732.16
3141,2014-11-30,shop_5,orange-power,glass,11614,500ml,12886.22
3142,2014-11-30,shop_5,orange-power,plastic,15020,1.5lt,28160.3
3143,2014-11-30,shop_5,orange-power,can,19228,330ml,10604.39
3144,2014-11-30,shop_5,gazoza,glass,31001,500ml,19486.86
3145,2014-11-30,shop_5,gazoza,plastic,18100,1.5lt,20724.89
3146,2014-11-30,shop_5,gazoza,can,37293,330ml,12746.67
3147,2014-11-30,shop_5,lemon-boost,glass,16513,500ml,13460.15
3148,2014-11-30,shop_5,lemon-boost,plastic,13069,1.5lt,25526.48
3149,2014-11-30,shop_5,lemon-boost,can,25075,330ml,10814.63
3225,2014-12-31,shop_5,kinder-cola,glass,10204,500ml,12286.46
3226,2014-12-31,shop_5,kinder-cola,plastic,7647,1.5lt,28695.91
3227,2014-12-31,shop_5,kinder-cola,can,20086,330ml,13598.28
3228,2014-12-31,shop_5,adult-cola,glass,24595,500ml,24991.87
3229,2014-12-31,shop_5,adult-cola,plastic,10650,1.5lt,33331.87
3230,2014-12-31,shop_5,adult-cola,can,30871,330ml,17357.66
3231,2014-12-31,shop_5,orange-power,glass,39347,500ml,29496.95
3232,2014-12-31,shop_5,orange-power,plastic,12880,1.5lt,27281.33
3233,2014-12-31,shop_5,orange-power,can,34269,330ml,18605.97
3234,2014-12-31,shop_5,gazoza,glass,27012,500ml,20098.63
3235,2014-12-31,shop_5,gazoza,plastic,22081,1.5lt,25414.23
3236,2014-12-31,shop_5,gazoza,can,32204,330ml,11215.22
3237,2014-12-31,shop_5,lemon-boost,glass,9084,500ml,11404.66
3238,2014-12-31,shop_5,lemon-boost,plastic,7117,1.5lt,21188.82
3239,2014-12-31,shop_5,lemon-boost,can,13699,330ml,10015.73
3315,2015-01-31,shop_5,kinder-cola,glass,9121,500ml,11946.68
3316,2015-01-31,shop_5,kinder-cola,plastic,6874,1.5lt,16942.81
3317,2015-01-31,shop_5,kinder-cola,can,13397,330ml,10379.38
3318,2015-01-31,shop_5,adult-cola,glass,15807,500ml,17035.41
3319,2015-01-31,shop_5,adult-cola,plastic,12468,1.5lt,29009.33
3320,2015-01-31,shop_5,adult-cola,can,13693,330ml,10372.32
3321,2015-01-31,shop_5,orange-power,glass,12673,500ml,13057.35
3322,2015-01-31,shop_5,orange-power,plastic,6321,1.5lt,16889.07
3323,2015-01-31,shop_5,orange-power,can,29787,330ml,14357.72
3324,2015-01-31,shop_5,gazoza,glass,18167,500ml,13505.23
3325,2015-01-31,shop_5,gazoza,plastic,33256,1.5lt,20360.87
3326,2015-01-31,shop_5,gazoza,can,32760,330ml,11174.06
3327,2015-01-31,shop_5,lemon-boost,glass,15707,500ml,14094.68
3328,2015-01-31,shop_5,lemon-boost,plastic,12943,1.5lt,22060.24
3329,2015-01-31,shop_5,lemon-boost,can,20668,330ml,9825.02
3405,2015-02-28,shop_5,kinder-cola,glass,10650,500ml,12694.06
3406,2015-02-28,shop_5,kinder-cola,plastic,8570,1.5lt,21112.14
3407,2015-02-28,shop_5,kinder-cola,can,4811,330ml,4817.67
3408,2015-02-28,shop_5,adult-cola,glass,16058,500ml,16094.5
3409,2015-02-28,shop_5,adult-cola,plastic,10416,1.5lt,27666.65
3410,2015-02-28,shop_5,adult-cola,can,20691,330ml,12479.68
3411,2015-02-28,shop_5,orange-power,glass,24002,500ml,13862.25
3412,2015-02-28,shop_5,orange-power,plastic,21940,1.5lt,4370.73
3413,2015-02-28,shop_5,orange-power,can,22321,330ml,10238.33
3414,2015-02-28,shop_5,gazoza,glass,34021,500ml,13703.42
3415,2015-02-28,shop_5,gazoza,plastic,22708,1.5lt,10532.32
3416,2015-02-28,shop_5,gazoza,can,28403,330ml,9059.11
3417,2015-02-28,shop_5,lemon-boost,glass,10337,500ml,10011.45
3418,2015-02-28,shop_5,lemon-boost,plastic,8484,1.5lt,20986.16
3419,2015-02-28,shop_5,lemon-boost,can,14223,330ml,7038.76
3495,2015-03-31,shop_5,kinder-cola,glass,11134,500ml,14203.73
3496,2015-03-31,shop_5,kinder-cola,plastic,11345,1.5lt,27232.24
3497,2015-03-31,shop_5,kinder-cola,can,14583,330ml,12092.62
3498,2015-03-31,shop_5,adult-cola,glass,18828,500ml,20078.07
3499,2015-03-31,shop_5,adult-cola,plastic,15524,1.5lt,33309.59
3500,2015-03-31,shop_5,adult-cola,can,24802,330ml,12400.95
3501,2015-03-31,shop_5,orange-power,glass,51148,500ml,22835.04
3502,2015-03-31,shop_5,orange-power,plastic,14762,1.5lt,26961.55
3503,2015-03-31,shop_5,orange-power,can,33871,330ml,15014.34
3504,2015-03-31,shop_5,gazoza,glass,18284,500ml,14373.81
3505,2015-03-31,shop_5,gazoza,plastic,22721,1.5lt,24574.64
3506,2015-03-31,shop_5,gazoza,can,33590,330ml,12024.97
3507,2015-03-31,shop_5,lemon-boost,glass,15947,500ml,13952.72
3508,2015-03-31,shop_5,lemon-boost,plastic,12539,1.5lt,24011.96
3509,2015-03-31,shop_5,lemon-boost,can,29973,330ml,12636.4
3585,2015-04-30,shop_5,kinder-cola,glass,13320,500ml,16569.88
3586,2015-04-30,shop_5,kinder-cola,plastic,7741,1.5lt,30211.6
3587,2015-04-30,shop_5,kinder-cola,can,21696,330ml,14360.59
3588,2015-04-30,shop_5,adult-cola,glass,21667,500ml,24748.34
3589,2015-04-30,shop_5,adult-cola,plastic,22617,1.5lt,41166.71
3590,2015-04-30,shop_5,adult-cola,can,32906,330ml,16881.31
3591,2015-04-30,shop_5,orange-power,glass,21056,500ml,21329.96
3592,2015-04-30,shop_5,orange-power,plastic,13517,1.5lt,32246.04
3593,2015-04-30,shop_5,orange-power,can,32255,330ml,16431.86
3594,2015-04-30,shop_5,gazoza,glass,44909,500ml,21148.98
3595,2015-04-30,shop_5,gazoza,plastic,32485,1.5lt,29973.03
3596,2015-04-30,shop_5,gazoza,can,46677,330ml,15245.4
3597,2015-04-30,shop_5,lemon-boost,glass,16161,500ml,17141.47
3598,2015-04-30,shop_5,lemon-boost,plastic,12983,1.5lt,34209.55
3599,2015-04-30,shop_5,lemon-boost,can,21682,330ml,12846.39
3675,2015-05-31,shop_5,kinder-cola,glass,13972,500ml,20712.59
3676,2015-05-31,shop_5,kinder-cola,plastic,9887,1.5lt,30896.74
3677,2015-05-31,shop_5,kinder-cola,can,16241,330ml,12402.49
3678,2015-05-31,shop_5,adult-cola,glass,31481,500ml,28310.19
3679,2015-05-31,shop_5,adult-cola,plastic,12959,1.5lt,40472.36
3680,2015-05-31,shop_5,adult-cola,can,32434,330ml,21754.84
3681,2015-05-31,shop_5,orange-power,glass,25609,500ml,26190.59
3682,2015-05-31,shop_5,orange-power,plastic,31780,1.5lt,48689.24
3683,2015-05-31,shop_5,orange-power,can,37756,330ml,19050.82
3684,2015-05-31,shop_5,gazoza,glass,48250,500ml,29195.19
3685,2015-05-31,shop_5,gazoza,plastic,28814,1.5lt,32460.57
3686,2015-05-31,shop_5,gazoza,can,59517,330ml,14868.41
3687,2015-05-31,shop_5,lemon-boost,glass,24430,500ml,21435.52
3688,2015-05-31,shop_5,lemon-boost,plastic,20722,1.5lt,30326.61
3689,2015-05-31,shop_5,lemon-boost,can,16098,330ml,11586.54
3765,2015-06-30,shop_5,kinder-cola,glass,24940,500ml,17066.51
3766,2015-06-30,shop_5,kinder-cola,plastic,10360,1.5lt,35918.68
3767,2015-06-30,shop_5,kinder-cola,can,18204,330ml,14702.3
3768,2015-06-30,shop_5,adult-cola,glass,16323,500ml,23566.89
3769,2015-06-30,shop_5,adult-cola,plastic,15145,1.5lt,47894.05
3770,2015-06-30,shop_5,adult-cola,can,30974,330ml,23537.63
3771,2015-06-30,shop_5,orange-power,glass,37967,500ml,32877.34
3772,2015-06-30,shop_5,orange-power,plastic,34735,1.5lt,62409.67
3773,2015-06-30,shop_5,orange-power,can,52329,330ml,16371.44
3774,2015-06-30,shop_5,gazoza,glass,31835,500ml,23172.56
3775,2015-06-30,shop_5,gazoza,plastic,19535,1.5lt,28089.78
3776,2015-06-30,shop_5,gazoza,can,63948,330ml,19993.77
3777,2015-06-30,shop_5,lemon-boost,glass,30391,500ml,26635.02
3778,2015-06-30,shop_5,lemon-boost,plastic,22701,1.5lt,42888.74
3779,2015-06-30,shop_5,lemon-boost,can,38017,330ml,16612.7
3855,2015-07-31,shop_5,kinder-cola,glass,21801,500ml,24381.15
3856,2015-07-31,shop_5,kinder-cola,plastic,12801,1.5lt,46299.16
3857,2015-07-31,shop_5,kinder-cola,can,25708,330ml,14087.38
3858,2015-07-31,shop_5,adult-cola,glass,39550,500ml,39086.75
3859,2015-07-31,shop_5,adult-cola,plastic,18569,1.5lt,56757.33
3860,2015-07-31,shop_5,adult-cola,can,38166,330ml,27519.57
3861,2015-07-31,shop_5,orange-power,glass,41375,500ml,34933.82
3862,2015-07-31,shop_5,orange-power,plastic,57131,1.5lt,60217.86
3863,2015-07-31,shop_5,orange-power,can,68563,330ml,28839.85
3864,2015-07-31,shop_5,gazoza,glass,41482,500ml,27400.87
3865,2015-07-31,shop_5,gazoza,plastic,54420,1.5lt,34660.87
3866,2015-07-31,shop_5,gazoza,can,52686,330ml,15745.37
3867,2015-07-31,shop_5,lemon-boost,glass,17231,500ml,19783.01
3868,2015-07-31,shop_5,lemon-boost,plastic,21664,1.5lt,36956.86
3869,2015-07-31,shop_5,lemon-boost,can,36528,330ml,20514.77
3945,2015-08-31,shop_5,kinder-cola,glass,17132,500ml,19315.38
3946,2015-08-31,shop_5,kinder-cola,plastic,10990,1.5lt,38414.66
3947,2015-08-31,shop_5,kinder-cola,can,17980,330ml,15209.88
3948,2015-08-31,shop_5,adult-cola,glass,27867,500ml,30823.17
3949,2015-08-31,shop_5,adult-cola,plastic,13158,1.5lt,42844.18
3950,2015-08-31,shop_5,adult-cola,can,34934,330ml,22251.85
3951,2015-08-31,shop_5,orange-power,glass,38675,500ml,34715.35
3952,2015-08-31,shop_5,orange-power,plastic,24337,1.5lt,39809.97
3953,2015-08-31,shop_5,orange-power,can,45999,330ml,20361.62
3954,2015-08-31,shop_5,gazoza,glass,14736,500ml,12231.18
3955,2015-08-31,shop_5,gazoza,plastic,21884,1.5lt,30321.72
3956,2015-08-31,shop_5,gazoza,can,20898,330ml,9506.29
3957,2015-08-31,shop_5,lemon-boost,glass,23492,500ml,22159.26
3958,2015-08-31,shop_5,lemon-boost,plastic,25252,1.5lt,36625.9
3959,2015-08-31,shop_5,lemon-boost,can,23234,330ml,13937.79
4035,2015-09-30,shop_5,kinder-cola,glass,8756,500ml,13649.79
4036,2015-09-30,shop_5,kinder-cola,plastic,12477,1.5lt,33080.73
4037,2015-09-30,shop_5,kinder-cola,can,16759,330ml,12103.49
4038,2015-09-30,shop_5,adult-cola,glass,12607,500ml,17121.22
4039,2015-09-30,shop_5,adult-cola,plastic,15885,1.5lt,31034.94
4040,2015-09-30,shop_5,adult-cola,can,20823,330ml,14295.08
4041,2015-09-30,shop_5,orange-power,glass,29523,500ml,25749.35
4042,2015-09-30,shop_5,orange-power,plastic,23927,1.5lt,38301.15
4043,2015-09-30,shop_5,orange-power,can,27912,330ml,15516.24
4044,2015-09-30,shop_5,gazoza,glass,52382,500ml,25649.04
4045,2015-09-30,shop_5,gazoza,plastic,27974,1.5lt,29250.78
4046,2015-09-30,shop_5,gazoza,can,38869,330ml,14632.19
4047,2015-09-30,shop_5,lemon-boost,glass,19222,500ml,18799.19
4048,2015-09-30,shop_5,lemon-boost,plastic,9183,1.5lt,24435.88
4049,2015-09-30,shop_5,lemon-boost,can,14139,330ml,10506.04
4125,2015-10-31,shop_5,kinder-cola,glass,9551,500ml,14039.6
4126,2015-10-31,shop_5,kinder-cola,plastic,4293,1.5lt,18883.47
4127,2015-10-31,shop_5,kinder-cola,can,14293,330ml,10857.49
4128,2015-10-31,shop_5,adult-cola,glass,18614,500ml,20162.54
4129,2015-10-31,shop_5,adult-cola,plastic,10508,1.5lt,28459.57
4130,2015-10-31,shop_5,adult-cola,can,28067,330ml,15424.84
4131,2015-10-31,shop_5,orange-power,glass,14832,500ml,15382.23
4132,2015-10-31,shop_5,orange-power,plastic,15158,1.5lt,28924.01
4133,2015-10-31,shop_5,orange-power,can,28324,330ml,15244.7
4134,2015-10-31,shop_5,gazoza,glass,16019,500ml,12781.23
4135,2015-10-31,shop_5,gazoza,plastic,19191,1.5lt,25177.11
4136,2015-10-31,shop_5,gazoza,can,37009,330ml,11323.56
4137,2015-10-31,shop_5,lemon-boost,glass,22722,500ml,15875.02
4138,2015-10-31,shop_5,lemon-boost,plastic,18370,1.5lt,21084.23
4139,2015-10-31,shop_5,lemon-boost,can,21895,330ml,12281.76
4215,2015-11-30,shop_5,kinder-cola,glass,10142,500ml,14637.39
4216,2015-11-30,shop_5,kinder-cola,plastic,9820,1.5lt,26672.87
4217,2015-11-30,shop_5,kinder-cola,can,9430,330ml,8010.67
4218,2015-11-30,shop_5,adult-cola,glass,19475,500ml,22736.77
4219,2015-11-30,shop_5,adult-cola,plastic,12784,1.5lt,38363.49
4220,2015-11-30,shop_5,adult-cola,can,24140,330ml,14569.87
4221,2015-11-30,shop_5,orange-power,glass,18521,500ml,18191.05
4222,2015-11-30,shop_5,orange-power,plastic,30591,1.5lt,14379.42
4223,2015-11-30,shop_5,orange-power,can,36016,330ml,11823.49
4224,2015-11-30,shop_5,gazoza,glass,32045,500ml,20232.96
4225,2015-11-30,shop_5,gazoza,plastic,20222,1.5lt,21617.68
4226,2015-11-30,shop_5,gazoza,can,31220,330ml,11926.0
4227,2015-11-30,shop_5,lemon-boost,glass,17877,500ml,13750.81
4228,2015-11-30,shop_5,lemon-boost,plastic,15442,1.5lt,25330.71
4229,2015-11-30,shop_5,lemon-boost,can,30236,330ml,10004.42
4305,2015-12-31,shop_5,kinder-cola,glass,7027,500ml,10856.8
4306,2015-12-31,shop_5,kinder-cola,plastic,8781,1.5lt,31007.15
4307,2015-12-31,shop_5,kinder-cola,can,16655,330ml,13523.11
4308,2015-12-31,shop_5,adult-cola,glass,36388,500ml,22356.58
4309,2015-12-31,shop_5,adult-cola,plastic,21864,1.5lt,30457.54
4310,2015-12-31,shop_5,adult-cola,can,29997,330ml,17747.91
4311,2015-12-31,shop_5,orange-power,glass,37653,500ml,29843.0
4312,2015-12-31,shop_5,orange-power,plastic,18485,1.5lt,30781.6
4313,2015-12-31,shop_5,orange-power,can,50054,330ml,21351.37
4314,2015-12-31,shop_5,gazoza,glass,54149,500ml,30241.58
4315,2015-12-31,shop_5,gazoza,plastic,29920,1.5lt,26122.68
4316,2015-12-31,shop_5,gazoza,can,22027,330ml,9194.09
4317,2015-12-31,shop_5,lemon-boost,glass,18546,500ml,17627.67
4318,2015-12-31,shop_5,lemon-boost,plastic,21414,1.5lt,26048.09
4319,2015-12-31,shop_5,lemon-boost,can,30952,330ml,14280.32
4395,2016-01-31,shop_5,kinder-cola,glass,9608,500ml,12361.63
4396,2016-01-31,shop_5,kinder-cola,plastic,5862,1.5lt,17754.8
4397,2016-01-31,shop_5,kinder-cola,can,8010,330ml,8380.66
4398,2016-01-31,shop_5,adult-cola,glass,18153,500ml,17654.84
4399,2016-01-31,shop_5,adult-cola,plastic,10882,1.5lt,29504.85
4400,2016-01-31,shop_5,adult-cola,can,18493,330ml,11474.23
4401,2016-01-31,shop_5,orange-power,glass,17783,500ml,16091.61
4402,2016-01-31,shop_5,orange-power,plastic,22813,1.5lt,23503.43
4403,2016-01-31,shop_5,orange-power,can,34504,330ml,15025.66
4404,2016-01-31,shop_5,gazoza,glass,13127,500ml,10772.46
4405,2016-01-31,shop_5,gazoza,plastic,33165,1.5lt,20864.35
4406,2016-01-31,shop_5,gazoza,can,32431,330ml,11364.75
4407,2016-01-31,shop_5,lemon-boost,glass,7428,500ml,9620.02
4408,2016-01-31,shop_5,lemon-boost,plastic,11458,1.5lt,22954.78
4409,2016-01-31,shop_5,lemon-boost,can,19581,330ml,10028.34
4485,2016-02-29,shop_5,kinder-cola,glass,15752,500ml,11081.94
4486,2016-02-29,shop_5,kinder-cola,plastic,6565,1.5lt,21858.07
4487,2016-02-29,shop_5,kinder-cola,can,9819,330ml,5918.44
4488,2016-02-29,shop_5,adult-cola,glass,17492,500ml,16435.14
4489,2016-02-29,shop_5,adult-cola,plastic,15494,1.5lt,24634.82
4490,2016-02-29,shop_5,adult-cola,can,20568,330ml,12739.6
4491,2016-02-29,shop_5,orange-power,glass,15217,500ml,13581.37
4492,2016-02-29,shop_5,orange-power,plastic,12036,1.5lt,19701.89
4493,2016-02-29,shop_5,orange-power,can,11527,330ml,7527.21
4494,2016-02-29,shop_5,gazoza,glass,20862,500ml,13177.36
4495,2016-02-29,shop_5,gazoza,plastic,7516,1.5lt,11591.79
4496,2016-02-29,shop_5,gazoza,can,27552,330ml,9168.36
4497,2016-02-29,shop_5,lemon-boost,glass,9596,500ml,9934.1
4498,2016-02-29,shop_5,lemon-boost,plastic,19048,1.5lt,12361.73
4499,2016-02-29,shop_5,lemon-boost,can,10113,330ml,6538.6
4575,2016-03-31,shop_5,kinder-cola,glass,10275,500ml,14166.12
4576,2016-03-31,shop_5,kinder-cola,plastic,10604,1.5lt,28444.66
4577,2016-03-31,shop_5,kinder-cola,can,30001,330ml,7036.35
4578,2016-03-31,shop_5,adult-cola,glass,15425,500ml,19230.07
4579,2016-03-31,shop_5,adult-cola,plastic,17564,1.5lt,31965.22
4580,2016-03-31,shop_5,adult-cola,can,31330,330ml,10228.02
4581,2016-03-31,shop_5,orange-power,glass,31958,500ml,26092.63
4582,2016-03-31,shop_5,orange-power,plastic,22298,1.5lt,24348.73
4583,2016-03-31,shop_5,orange-power,can,21606,330ml,12889.91
4584,2016-03-31,shop_5,gazoza,glass,32422,500ml,21555.77
4585,2016-03-31,shop_5,gazoza,plastic,14205,1.5lt,20834.13
4586,2016-03-31,shop_5,gazoza,can,20481,330ml,9060.43
4587,2016-03-31,shop_5,lemon-boost,glass,7228,500ml,9388.17
4588,2016-03-31,shop_5,lemon-boost,plastic,14875,1.5lt,23328.16
4589,2016-03-31,shop_5,lemon-boost,can,31164,330ml,12717.52
4665,2016-04-30,shop_5,kinder-cola,glass,17557,500ml,16611.26
4666,2016-04-30,shop_5,kinder-cola,plastic,9586,1.5lt,33608.64
4667,2016-04-30,shop_5,kinder-cola,can,16405,330ml,14087.33
4668,2016-04-30,shop_5,adult-cola,glass,16163,500ml,22117.78
4669,2016-04-30,shop_5,adult-cola,plastic,15883,1.5lt,44441.3
4670,2016-04-30,shop_5,adult-cola,can,19908,330ml,15823.47
4671,2016-04-30,shop_5,orange-power,glass,26823,500ml,24933.65
4672,2016-04-30,shop_5,orange-power,plastic,22611,1.5lt,40730.41
4673,2016-04-30,shop_5,orange-power,can,21680,330ml,13623.17
4674,2016-04-30,shop_5,gazoza,glass,23760,500ml,17021.39
4675,2016-04-30,shop_5,gazoza,plastic,23515,1.5lt,29483.93
4676,2016-04-30,shop_5,gazoza,can,34332,330ml,13528.48
4677,2016-04-30,shop_5,lemon-boost,glass,22633,500ml,19509.09
4678,2016-04-30,shop_5,lemon-boost,plastic,19247,1.5lt,39316.92
4679,2016-04-30,shop_5,lemon-boost,can,34740,330ml,12876.14
4755,2016-05-31,shop_5,kinder-cola,glass,12407,500ml,19857.7
4756,2016-05-31,shop_5,kinder-cola,plastic,11976,1.5lt,31118.09
4757,2016-05-31,shop_5,kinder-cola,can,11129,330ml,10940.63
4758,2016-05-31,shop_5,adult-cola,glass,27694,500ml,28906.79
4759,2016-05-31,shop_5,adult-cola,plastic,19602,1.5lt,44170.67
4760,2016-05-31,shop_5,adult-cola,can,32564,330ml,22233.88
4761,2016-05-31,shop_5,orange-power,glass,58907,500ml,32965.59
4762,2016-05-31,shop_5,orange-power,plastic,37136,1.5lt,46737.0
4763,2016-05-31,shop_5,orange-power,can,28160,330ml,16905.92
4764,2016-05-31,shop_5,gazoza,glass,33004,500ml,24178.32
4765,2016-05-31,shop_5,gazoza,plastic,21313,1.5lt,29624.67
4766,2016-05-31,shop_5,gazoza,can,45587,330ml,14907.88
4767,2016-05-31,shop_5,lemon-boost,glass,19032,500ml,20159.18
4768,2016-05-31,shop_5,lemon-boost,plastic,15266,1.5lt,33016.7
4769,2016-05-31,shop_5,lemon-boost,can,25451,330ml,14872.25
4845,2016-06-30,shop_5,kinder-cola,glass,12346,500ml,18540.85
4846,2016-06-30,shop_5,kinder-cola,plastic,12880,1.5lt,37905.84
4847,2016-06-30,shop_5,kinder-cola,can,25837,330ml,14795.28
4848,2016-06-30,shop_5,adult-cola,glass,27349,500ml,31307.0
4849,2016-06-30,shop_5,adult-cola,plastic,21608,1.5lt,53313.35
4850,2016-06-30,shop_5,adult-cola,can,38452,330ml,25807.47
4851,2016-06-30,shop_5,orange-power,glass,34996,500ml,32402.44
4852,2016-06-30,shop_5,orange-power,plastic,39028,1.5lt,64151.55
4853,2016-06-30,shop_5,orange-power,can,31629,330ml,16744.43
4854,2016-06-30,shop_5,gazoza,glass,41722,500ml,27928.54
4855,2016-06-30,shop_5,gazoza,plastic,24319,1.5lt,32115.99
4856,2016-06-30,shop_5,gazoza,can,53702,330ml,19236.7
4857,2016-06-30,shop_5,lemon-boost,glass,22864,500ml,24651.73
4858,2016-06-30,shop_5,lemon-boost,plastic,14845,1.5lt,39445.99
4859,2016-06-30,shop_5,lemon-boost,can,19442,330ml,13879.41
4935,2016-07-31,shop_5,kinder-cola,glass,21355,500ml,24886.87
4936,2016-07-31,shop_5,kinder-cola,plastic,17717,1.5lt,49768.08
4937,2016-07-31,shop_5,kinder-cola,can,13214,330ml,12956.24
4938,2016-07-31,shop_5,adult-cola,glass,72466,500ml,15657.61
4939,2016-07-31,shop_5,adult-cola,plastic,18759,1.5lt,58183.25
4940,2016-07-31,shop_5,adult-cola,can,44199,330ml,29232.14
4941,2016-07-31,shop_5,orange-power,glass,50287,500ml,37343.06
4942,2016-07-31,shop_5,orange-power,plastic,15208,1.5lt,42065.61
4943,2016-07-31,shop_5,orange-power,can,54240,330ml,28062.93
4944,2016-07-31,shop_5,gazoza,glass,46809,500ml,29728.74
4945,2016-07-31,shop_5,gazoza,plastic,31209,1.5lt,39207.04
4946,2016-07-31,shop_5,gazoza,can,59206,330ml,16181.72
4947,2016-07-31,shop_5,lemon-boost,glass,23846,500ml,23719.03
4948,2016-07-31,shop_5,lemon-boost,plastic,11171,1.5lt,31855.02
4949,2016-07-31,shop_5,lemon-boost,can,33164,330ml,20302.73
5025,2016-08-31,shop_5,kinder-cola,glass,19513,500ml,19377.93
5026,2016-08-31,shop_5,kinder-cola,plastic,7130,1.5lt,31522.73
5027,2016-08-31,shop_5,kinder-cola,can,28736,330ml,15160.82
5028,2016-08-31,shop_5,adult-cola,glass,13444,500ml,20976.98
5029,2016-08-31,shop_5,adult-cola,plastic,22969,1.5lt,47435.94
5030,2016-08-31,shop_5,adult-cola,can,26356,330ml,20762.73
5031,2016-08-31,shop_5,orange-power,glass,37529,500ml,34953.24
5032,2016-08-31,shop_5,orange-power,plastic,20821,1.5lt,39916.4
5033,2016-08-31,shop_5,orange-power,can,44490,330ml,20689.94
5034,2016-08-31,shop_5,gazoza,glass,35507,500ml,23411.99
5035,2016-08-31,shop_5,gazoza,plastic,34385,1.5lt,35757.13
5036,2016-08-31,shop_5,gazoza,can,47907,330ml,16186.32
5037,2016-08-31,shop_5,lemon-boost,glass,16752,500ml,19363.77
5038,2016-08-31,shop_5,lemon-boost,plastic,16640,1.5lt,39126.15
5039,2016-08-31,shop_5,lemon-boost,can,20528,330ml,13486.27
5115,2016-09-30,shop_5,kinder-cola,glass,13543,500ml,16394.87
5116,2016-09-30,shop_5,kinder-cola,plastic,14749,1.5lt,31098.72
5117,2016-09-30,shop_5,kinder-cola,can,12745,330ml,11499.62
5118,2016-09-30,shop_5,adult-cola,glass,19116,500ml,20830.09
5119,2016-09-30,shop_5,adult-cola,plastic,14348,1.5lt,32814.26
5120,2016-09-30,shop_5,adult-cola,can,25452,330ml,14961.67
5121,2016-09-30,shop_5,orange-power,glass,12695,500ml,15115.05
5122,2016-09-30,shop_5,orange-power,plastic,19786,1.5lt,38313.78
5123,2016-09-30,shop_5,orange-power,can,39091,330ml,17764.43
5124,2016-09-30,shop_5,gazoza,glass,40575,500ml,24685.76
5125,2016-09-30,shop_5,gazoza,plastic,23412,1.5lt,28827.25
5126,2016-09-30,shop_5,gazoza,can,42031,330ml,15547.2
5127,2016-09-30,shop_5,lemon-boost,glass,19397,500ml,19257.81
5128,2016-09-30,shop_5,lemon-boost,plastic,21540,1.5lt,20383.76
5129,2016-09-30,shop_5,lemon-boost,can,10578,330ml,8652.74
5205,2016-10-31,shop_5,kinder-cola,glass,16596,500ml,15262.67
5206,2016-10-31,shop_5,kinder-cola,plastic,6708,1.5lt,24454.17
5207,2016-10-31,shop_5,kinder-cola,can,18961,330ml,10681.47
5208,2016-10-31,shop_5,adult-cola,glass,19287,500ml,20734.97
5209,2016-10-31,shop_5,adult-cola,plastic,5753,1.5lt,21763.32
5210,2016-10-31,shop_5,adult-cola,can,22817,330ml,15572.71
5211,2016-10-31,shop_5,orange-power,glass,18787,500ml,18100.96
5212,2016-10-31,shop_5,orange-power,plastic,13622,1.5lt,28515.68
5213,2016-10-31,shop_5,orange-power,can,31055,330ml,16166.71
5214,2016-10-31,shop_5,gazoza,glass,20756,500ml,15889.1
5215,2016-10-31,shop_5,gazoza,plastic,24008,1.5lt,27752.87
5216,2016-10-31,shop_5,gazoza,can,27983,330ml,10448.68
5217,2016-10-31,shop_5,lemon-boost,glass,16116,500ml,15815.12
5218,2016-10-31,shop_5,lemon-boost,plastic,7908,1.5lt,22153.16
5219,2016-10-31,shop_5,lemon-boost,can,28701,330ml,12680.01
5295,2016-11-30,shop_5,kinder-cola,glass,11191,500ml,15548.03
5296,2016-11-30,shop_5,kinder-cola,plastic,6470,1.5lt,25054.67
5297,2016-11-30,shop_5,kinder-cola,can,8629,330ml,7893.96
5298,2016-11-30,shop_5,adult-cola,glass,17622,500ml,22297.95
5299,2016-11-30,shop_5,adult-cola,plastic,14107,1.5lt,40379.34
5300,2016-11-30,shop_5,adult-cola,can,17831,330ml,13755.22
5301,2016-11-30,shop_5,orange-power,glass,26686,500ml,21891.19
5302,2016-11-30,shop_5,orange-power,plastic,11647,1.5lt,26499.73
5303,2016-11-30,shop_5,orange-power,can,31628,330ml,12586.3
5304,2016-11-30,shop_5,gazoza,glass,21317,500ml,16143.07
5305,2016-11-30,shop_5,gazoza,plastic,17734,1.5lt,21494.6
5306,2016-11-30,shop_5,gazoza,can,43462,330ml,14014.44
5307,2016-11-30,shop_5,lemon-boost,glass,11853,500ml,12702.75
5308,2016-11-30,shop_5,lemon-boost,plastic,13078,1.5lt,26626.07
5309,2016-11-30,shop_5,lemon-boost,can,23143,330ml,11381.61
5385,2016-12-31,shop_5,kinder-cola,glass,6941,500ml,11010.39
5386,2016-12-31,shop_5,kinder-cola,plastic,9388,1.5lt,32298.66
5387,2016-12-31,shop_5,kinder-cola,can,16182,330ml,13690.19
5388,2016-12-31,shop_5,adult-cola,glass,11449,500ml,17655.14
5389,2016-12-31,shop_5,adult-cola,plastic,14098,1.5lt,38038.17
5390,2016-12-31,shop_5,adult-cola,can,18299,330ml,15377.77
5391,2016-12-31,shop_5,orange-power,glass,31859,500ml,28762.29
5392,2016-12-31,shop_5,orange-power,plastic,14358,1.5lt,29794.35
5393,2016-12-31,shop_5,orange-power,can,57392,330ml,21508.82
5394,2016-12-31,shop_5,gazoza,glass,37362,500ml,26063.56
5395,2016-12-31,shop_5,gazoza,plastic,17276,1.5lt,24012.63
5396,2016-12-31,shop_5,gazoza,can,28384,330ml,10981.19
5397,2016-12-31,shop_5,lemon-boost,glass,17379,500ml,17593.28
5398,2016-12-31,shop_5,lemon-boost,plastic,20275,1.5lt,28192.24
5399,2016-12-31,shop_5,lemon-boost,can,33493,330ml,14340.35
5475,2017-01-31,shop_5,kinder-cola,glass,6153,500ml,10343.54
5476,2017-01-31,shop_5,kinder-cola,plastic,6254,1.5lt,18066.98
5477,2017-01-31,shop_5,kinder-cola,can,10583,330ml,9984.73
5478,2017-01-31,shop_5,adult-cola,glass,16345,500ml,17868.58
5479,2017-01-31,shop_5,adult-cola,plastic,11190,1.5lt,30221.88
5480,2017-01-31,shop_5,adult-cola,can,22169,330ml,11387.9
5481,2017-01-31,shop_5,orange-power,glass,20422,500ml,17277.01
5482,2017-01-31,shop_5,orange-power,plastic,21673,1.5lt,25386.12
5483,2017-01-31,shop_5,orange-power,can,39888,330ml,15094.25
5484,2017-01-31,shop_5,gazoza,glass,28621,500ml,18442.89
5485,2017-01-31,shop_5,gazoza,plastic,12036,1.5lt,19012.87
5486,2017-01-31,shop_5,gazoza,can,46053,330ml,12285.68
5487,2017-01-31,shop_5,lemon-boost,glass,14761,500ml,14456.32
5488,2017-01-31,shop_5,lemon-boost,plastic,11389,1.5lt,23429.61
5489,2017-01-31,shop_5,lemon-boost,can,13027,330ml,8954.2
5565,2017-02-28,shop_5,kinder-cola,glass,6637,500ml,10980.46
5566,2017-02-28,shop_5,kinder-cola,plastic,11496,1.5lt,15574.85
5567,2017-02-28,shop_5,kinder-cola,can,8104,330ml,6174.47
5568,2017-02-28,shop_5,adult-cola,glass,24993,500ml,12783.57
5569,2017-02-28,shop_5,adult-cola,plastic,12410,1.5lt,28771.15
5570,2017-02-28,shop_5,adult-cola,can,17812,330ml,12698.77
5571,2017-02-28,shop_5,orange-power,glass,18633,500ml,14734.34
5572,2017-02-28,shop_5,orange-power,plastic,7214,1.5lt,17191.28
5573,2017-02-28,shop_5,orange-power,can,11163,330ml,7510.94
5574,2017-02-28,shop_5,gazoza,glass,12461,500ml,9822.63
5575,2017-02-28,shop_5,gazoza,plastic,13550,1.5lt,15459.07
5576,2017-02-28,shop_5,gazoza,can,21147,330ml,8334.65
5577,2017-02-28,shop_5,lemon-boost,glass,7262,500ml,8754.29
5578,2017-02-28,shop_5,lemon-boost,plastic,13581,1.5lt,22458.59
5579,2017-02-28,shop_5,lemon-boost,can,14067,330ml,7331.99
5655,2017-03-31,shop_5,kinder-cola,glass,7163,500ml,12095.1
5656,2017-03-31,shop_5,kinder-cola,plastic,7401,1.5lt,27820.71
5657,2017-03-31,shop_5,kinder-cola,can,13579,330ml,12287.23
5658,2017-03-31,shop_5,adult-cola,glass,25086,500ml,20448.83
5659,2017-03-31,shop_5,adult-cola,plastic,14402,1.5lt,35204.04
5660,2017-03-31,shop_5,adult-cola,can,12314,330ml,10842.22
5661,2017-03-31,shop_5,orange-power,glass,28452,500ml,25622.8
5662,2017-03-31,shop_5,orange-power,plastic,15888,1.5lt,28368.55
5663,2017-03-31,shop_5,orange-power,can,32755,330ml,15569.64
5664,2017-03-31,shop_5,gazoza,glass,34671,500ml,22750.81
5665,2017-03-31,shop_5,gazoza,plastic,16089,1.5lt,22768.28
5666,2017-03-31,shop_5,gazoza,can,37843,330ml,13155.67
5667,2017-03-31,shop_5,lemon-boost,glass,19407,500ml,14508.62
5668,2017-03-31,shop_5,lemon-boost,plastic,5271,1.5lt,16998.14
5669,2017-03-31,shop_5,lemon-boost,can,10165,330ml,8330.38
5745,2017-04-30,shop_5,kinder-cola,glass,15333,500ml,17468.58
5746,2017-04-30,shop_5,kinder-cola,plastic,14562,1.5lt,32905.84
5747,2017-04-30,shop_5,kinder-cola,can,22969,330ml,14812.61
5748,2017-04-30,shop_5,adult-cola,glass,29325,500ml,26489.88
5749,2017-04-30,shop_5,adult-cola,plastic,23691,1.5lt,41316.15
5750,2017-04-30,shop_5,adult-cola,can,37751,330ml,16291.13
5751,2017-04-30,shop_5,orange-power,glass,23225,500ml,23584.63
5752,2017-04-30,shop_5,orange-power,plastic,41049,1.5lt,21571.25
5753,2017-04-30,shop_5,orange-power,can,25768,330ml,15426.14
5754,2017-04-30,shop_5,gazoza,glass,28488,500ml,19298.75
5755,2017-04-30,shop_5,gazoza,plastic,14188,1.5lt,22850.17
5756,2017-04-30,shop_5,gazoza,can,35482,330ml,14065.98
5757,2017-04-30,shop_5,lemon-boost,glass,22981,500ml,19939.18
5758,2017-04-30,shop_5,lemon-boost,plastic,17842,1.5lt,39844.86
5759,2017-04-30,shop_5,lemon-boost,can,17898,330ml,12291.92
5835,2017-05-31,shop_5,kinder-cola,glass,20057,500ml,24074.31
5836,2017-05-31,shop_5,kinder-cola,plastic,8531,1.5lt,31131.71
5837,2017-05-31,shop_5,kinder-cola,can,17287,330ml,13023.71
5838,2017-05-31,shop_5,adult-cola,glass,23739,500ml,28467.23
5839,2017-05-31,shop_5,adult-cola,plastic,18426,1.5lt,45492.5
5840,2017-05-31,shop_5,adult-cola,can,37567,330ml,23074.1
5841,2017-05-31,shop_5,orange-power,glass,31444,500ml,30788.14
5842,2017-05-31,shop_5,orange-power,plastic,25976,1.5lt,50261.08
5843,2017-05-31,shop_5,orange-power,can,56587,330ml,20106.59
5844,2017-05-31,shop_5,gazoza,glass,37217,500ml,26623.0
5845,2017-05-31,shop_5,gazoza,plastic,30402,1.5lt,34118.82
5846,2017-05-31,shop_5,gazoza,can,31882,330ml,12944.31
5847,2017-05-31,shop_5,lemon-boost,glass,7832,500ml,11175.62
5848,2017-05-31,shop_5,lemon-boost,plastic,13349,1.5lt,32666.39
5849,2017-05-31,shop_5,lemon-boost,can,29627,330ml,15636.95
5925,2017-06-30,shop_5,kinder-cola,glass,16079,500ml,20739.1
5926,2017-06-30,shop_5,kinder-cola,plastic,14929,1.5lt,37444.97
5927,2017-06-30,shop_5,kinder-cola,can,19118,330ml,15502.52
5928,2017-06-30,shop_5,adult-cola,glass,41929,500ml,30342.32
5929,2017-06-30,shop_5,adult-cola,plastic,26556,1.5lt,51067.76
5930,2017-06-30,shop_5,adult-cola,can,75070,330ml,12114.85
5931,2017-06-30,shop_5,orange-power,glass,35703,500ml,33377.88
5932,2017-06-30,shop_5,orange-power,plastic,32214,1.5lt,64005.37
5933,2017-06-30,shop_5,orange-power,can,52322,330ml,17063.08
5934,2017-06-30,shop_5,gazoza,glass,36422,500ml,26355.48
5935,2017-06-30,shop_5,gazoza,plastic,29967,1.5lt,35061.44
5936,2017-06-30,shop_5,gazoza,can,61555,330ml,20628.62
5937,2017-06-30,shop_5,lemon-boost,glass,41570,500ml,26417.43
5938,2017-06-30,shop_5,lemon-boost,plastic,25224,1.5lt,43644.49
5939,2017-06-30,shop_5,lemon-boost,can,24597,330ml,16056.89
6015,2017-07-31,shop_5,kinder-cola,glass,16447,500ml,23897.72
6016,2017-07-31,shop_5,kinder-cola,plastic,11390,1.5lt,45882.05
6017,2017-07-31,shop_5,kinder-cola,can,16418,330ml,14621.06
6018,2017-07-31,shop_5,adult-cola,glass,26925,500ml,36090.33
6019,2017-07-31,shop_5,adult-cola,plastic,26469,1.5lt,62557.45
6020,2017-07-31,shop_5,adult-cola,can,62088,330ml,27842.53
6021,2017-07-31,shop_5,orange-power,glass,37639,500ml,35043.86
6022,2017-07-31,shop_5,orange-power,plastic,43227,1.5lt,72208.71
6023,2017-07-31,shop_5,orange-power,can,47952,330ml,27210.07
6024,2017-07-31,shop_5,gazoza,glass,37688,500ml,27022.59
6025,2017-07-31,shop_5,gazoza,plastic,44934,1.5lt,41182.53
6026,2017-07-31,shop_5,gazoza,can,42811,330ml,15440.66
6027,2017-07-31,shop_5,lemon-boost,glass,33649,500ml,25120.3
6028,2017-07-31,shop_5,lemon-boost,plastic,30228,1.5lt,25797.16
6029,2017-07-31,shop_5,lemon-boost,can,51170,330ml,21143.82
6105,2017-08-31,shop_5,kinder-cola,glass,16399,500ml,20083.15
6106,2017-08-31,shop_5,kinder-cola,plastic,17548,1.5lt,37996.49
6107,2017-08-31,shop_5,kinder-cola,can,20839,330ml,16470.98
6108,2017-08-31,shop_5,adult-cola,glass,40451,500ml,31105.37
6109,2017-08-31,shop_5,adult-cola,plastic,26784,1.5lt,43067.66
6110,2017-08-31,shop_5,adult-cola,can,37527,330ml,23320.5
6111,2017-08-31,shop_5,orange-power,glass,40020,500ml,36726.04
6112,2017-08-31,shop_5,orange-power,plastic,24069,1.5lt,41493.53
6113,2017-08-31,shop_5,orange-power,can,42370,330ml,20904.44
6114,2017-08-31,shop_5,gazoza,glass,43485,500ml,26056.8
6115,2017-08-31,shop_5,gazoza,plastic,43310,1.5lt,34137.57
6116,2017-08-31,shop_5,gazoza,can,51715,330ml,16891.41
6117,2017-08-31,shop_5,lemon-boost,glass,23725,500ml,23161.07
6118,2017-08-31,shop_5,lemon-boost,plastic,15111,1.5lt,38647.61
6119,2017-08-31,shop_5,lemon-boost,can,27942,330ml,15263.74
6195,2017-09-30,shop_5,kinder-cola,glass,12052,500ml,16351.51
6196,2017-09-30,shop_5,kinder-cola,plastic,12760,1.5lt,34286.0
6197,2017-09-30,shop_5,kinder-cola,can,15083,330ml,12411.9
6198,2017-09-30,shop_5,adult-cola,glass,34937,500ml,13111.46
6199,2017-09-30,shop_5,adult-cola,plastic,14766,1.5lt,33270.04
6200,2017-09-30,shop_5,adult-cola,can,19216,330ml,14518.27
6201,2017-09-30,shop_5,orange-power,glass,23260,500ml,23793.33
6202,2017-09-30,shop_5,orange-power,plastic,19831,1.5lt,39127.19
6203,2017-09-30,shop_5,orange-power,can,40345,330ml,18189.98
6204,2017-09-30,shop_5,gazoza,glass,27845,500ml,20612.82
6205,2017-09-30,shop_5,gazoza,plastic,19670,1.5lt,27414.09
6206,2017-09-30,shop_5,gazoza,can,47483,330ml,16716.06
6207,2017-09-30,shop_5,lemon-boost,glass,24371,500ml,20599.46
6208,2017-09-30,shop_5,lemon-boost,plastic,12270,1.5lt,28486.84
6209,2017-09-30,shop_5,lemon-boost,can,39232,330ml,13654.53
6285,2017-10-31,shop_5,kinder-cola,glass,5849,500ml,10783.72
6286,2017-10-31,shop_5,kinder-cola,plastic,12751,1.5lt,19898.25
6287,2017-10-31,shop_5,kinder-cola,can,15494,330ml,11402.16
6288,2017-10-31,shop_5,adult-cola,glass,9210,500ml,14461.81
6289,2017-10-31,shop_5,adult-cola,plastic,16207,1.5lt,25572.62
6290,2017-10-31,shop_5,adult-cola,can,21995,330ml,15748.09
6291,2017-10-31,shop_5,orange-power,glass,35930,500ml,20156.69
6292,2017-10-31,shop_5,orange-power,plastic,22591,1.5lt,28749.25
6293,2017-10-31,shop_5,orange-power,can,48793,330ml,16549.22
6294,2017-10-31,shop_5,gazoza,glass,38553,500ml,22852.06
6295,2017-10-31,shop_5,gazoza,plastic,17682,1.5lt,25213.22
6296,2017-10-31,shop_5,gazoza,can,32239,330ml,11340.25
6297,2017-10-31,shop_5,lemon-boost,glass,13933,500ml,15214.25
6298,2017-10-31,shop_5,lemon-boost,plastic,13364,1.5lt,26619.69
6299,2017-10-31,shop_5,lemon-boost,can,20200,330ml,12481.07
6375,2017-11-30,shop_5,kinder-cola,glass,11432,500ml,15984.66
6376,2017-11-30,shop_5,kinder-cola,plastic,10443,1.5lt,27382.34
6377,2017-11-30,shop_5,kinder-cola,can,11652,330ml,8750.92
6378,2017-11-30,shop_5,adult-cola,glass,31582,500ml,22997.76
6379,2017-11-30,shop_5,adult-cola,plastic,11276,1.5lt,37911.63
6380,2017-11-30,shop_5,adult-cola,can,16185,330ml,13411.82
6381,2017-11-30,shop_5,orange-power,glass,26709,500ml,22348.31
6382,2017-11-30,shop_5,orange-power,plastic,15491,1.5lt,30213.64
6383,2017-11-30,shop_5,orange-power,can,11764,330ml,8188.49
6384,2017-11-30,shop_5,gazoza,glass,19886,500ml,15675.07
6385,2017-11-30,shop_5,gazoza,plastic,32243,1.5lt,16760.8
6386,2017-11-30,shop_5,gazoza,can,29270,330ml,11974.11
6387,2017-11-30,shop_5,lemon-boost,glass,12118,500ml,13099.06
6388,2017-11-30,shop_5,lemon-boost,plastic,12439,1.5lt,27086.69
6389,2017-11-30,shop_5,lemon-boost,can,18862,330ml,11256.42
6465,2017-12-31,shop_5,kinder-cola,glass,11378,500ml,13204.71
6466,2017-12-31,shop_5,kinder-cola,plastic,15698,1.5lt,27612.34
6467,2017-12-31,shop_5,kinder-cola,can,15107,330ml,13638.35
6468,2017-12-31,shop_5,adult-cola,glass,12376,500ml,19049.1
6469,2017-12-31,shop_5,adult-cola,plastic,7675,1.5lt,29400.66
6470,2017-12-31,shop_5,adult-cola,can,32326,330ml,18380.35
6471,2017-12-31,shop_5,orange-power,glass,29761,500ml,28451.39
6472,2017-12-31,shop_5,orange-power,plastic,14523,1.5lt,30536.73
6473,2017-12-31,shop_5,orange-power,can,46971,330ml,22105.25
6474,2017-12-31,shop_5,gazoza,glass,38691,500ml,27149.71
6475,2017-12-31,shop_5,gazoza,plastic,46047,1.5lt,12018.39
6476,2017-12-31,shop_5,gazoza,can,33818,330ml,12193.46
6477,2017-12-31,shop_5,lemon-boost,glass,21932,500ml,19009.13
6478,2017-12-31,shop_5,lemon-boost,plastic,9772,1.5lt,27521.3
6479,2017-12-31,shop_5,lemon-boost,can,20543,330ml,13565.09
6555,2018-01-31,shop_5,kinder-cola,glass,15248,500ml,11085.3
6556,2018-01-31,shop_5,kinder-cola,plastic,4523,1.5lt,17455.85
6557,2018-01-31,shop_5,kinder-cola,can,16424,330ml,11076.84
6558,2018-01-31,shop_5,adult-cola,glass,15212,500ml,17944.51
6559,2018-01-31,shop_5,adult-cola,plastic,11145,1.5lt,30819.62
6560,2018-01-31,shop_5,adult-cola,can,18661,330ml,11952.43
6561,2018-01-31,shop_5,orange-power,glass,28200,500ml,17762.41
6562,2018-01-31,shop_5,orange-power,plastic,12489,1.5lt,27221.0
6563,2018-01-31,shop_5,orange-power,can,21838,330ml,13364.41
6564,2018-01-31,shop_5,gazoza,glass,21205,500ml,15940.93
6565,2018-01-31,shop_5,gazoza,plastic,13777,1.5lt,21117.36
6566,2018-01-31,shop_5,gazoza,can,25006,330ml,10388.47
6567,2018-01-31,shop_5,lemon-boost,glass,21198,500ml,14678.68
6568,2018-01-31,shop_5,lemon-boost,plastic,7727,1.5lt,21436.78
6569,2018-01-31,shop_5,lemon-boost,can,26269,330ml,9506.42
6645,2018-02-28,shop_5,kinder-cola,glass,9444,500ml,13162.07
6646,2018-02-28,shop_5,kinder-cola,plastic,3745,1.5lt,17448.64
6647,2018-02-28,shop_5,kinder-cola,can,7152,330ml,6153.57
6648,2018-02-28,shop_5,adult-cola,glass,14355,500ml,16785.3
6649,2018-02-28,shop_5,adult-cola,plastic,12471,1.5lt,29322.27
6650,2018-02-28,shop_5,adult-cola,can,20309,330ml,13255.76
6651,2018-02-28,shop_5,orange-power,glass,8911,500ml,10298.29
6652,2018-02-28,shop_5,orange-power,plastic,7988,1.5lt,18488.92
6653,2018-02-28,shop_5,orange-power,can,19578,330ml,10504.6
6654,2018-02-28,shop_5,gazoza,glass,7773,500ml,6886.56
6655,2018-02-28,shop_5,gazoza,plastic,13180,1.5lt,15698.27
6656,2018-02-28,shop_5,gazoza,can,26308,330ml,9399.89
6657,2018-02-28,shop_5,lemon-boost,glass,10341,500ml,10645.92
6658,2018-02-28,shop_5,lemon-boost,plastic,6760,1.5lt,19934.92
6659,2018-02-28,shop_5,lemon-boost,can,11190,330ml,7102.39
6735,2018-03-31,shop_5,kinder-cola,glass,13335,500ml,15379.62
6736,2018-03-31,shop_5,kinder-cola,plastic,10924,1.5lt,29375.71
6737,2018-03-31,shop_5,kinder-cola,can,16054,330ml,13177.83
6738,2018-03-31,shop_5,adult-cola,glass,13967,500ml,19114.61
6739,2018-03-31,shop_5,adult-cola,plastic,13075,1.5lt,35892.24
6740,2018-03-31,shop_5,adult-cola,can,11153,330ml,10398.79
6741,2018-03-31,shop_5,orange-power,glass,19683,500ml,21461.56
6742,2018-03-31,shop_5,orange-power,plastic,13245,1.5lt,27866.42
6743,2018-03-31,shop_5,orange-power,can,38439,330ml,15970.51
6744,2018-03-31,shop_5,gazoza,glass,36115,500ml,23648.13
6745,2018-03-31,shop_5,gazoza,plastic,20593,1.5lt,25622.68
6746,2018-03-31,shop_5,gazoza,can,24704,330ml,10742.99
6747,2018-03-31,shop_5,lemon-boost,glass,14196,500ml,14409.78
6748,2018-03-31,shop_5,lemon-boost,plastic,13346,1.5lt,25315.14
6749,2018-03-31,shop_5,lemon-boost,can,15651,330ml,11404.49
6825,2018-04-30,shop_5,kinder-cola,glass,11189,500ml,16698.08
6826,2018-04-30,shop_5,kinder-cola,plastic,11618,1.5lt,36031.72
6827,2018-04-30,shop_5,kinder-cola,can,19858,330ml,15288.71
6828,2018-04-30,shop_5,adult-cola,glass,18221,500ml,24529.39
6829,2018-04-30,shop_5,adult-cola,plastic,15979,1.5lt,46332.88
6830,2018-04-30,shop_5,adult-cola,can,17749,330ml,15521.79
6831,2018-04-30,shop_5,orange-power,glass,18821,500ml,21067.43
6832,2018-04-30,shop_5,orange-power,plastic,32708,1.5lt,37356.94
6833,2018-04-30,shop_5,orange-power,can,35323,330ml,17978.05
6834,2018-04-30,shop_5,gazoza,glass,23664,500ml,17678.84
6835,2018-04-30,shop_5,gazoza,plastic,24847,1.5lt,31242.62
6836,2018-04-30,shop_5,gazoza,can,52280,330ml,16659.08
6837,2018-04-30,shop_5,lemon-boost,glass,17104,500ml,18715.19
6838,2018-04-30,shop_5,lemon-boost,plastic,20914,1.5lt,40732.03
6839,2018-04-30,shop_5,lemon-boost,can,25542,330ml,14247.96
6915,2018-05-31,shop_5,kinder-cola,glass,19047,500ml,24435.96
6916,2018-05-31,shop_5,kinder-cola,plastic,11567,1.5lt,32693.34
6917,2018-05-31,shop_5,kinder-cola,can,14624,330ml,12853.18
6918,2018-05-31,shop_5,adult-cola,glass,26791,500ml,29953.96
6919,2018-05-31,shop_5,adult-cola,plastic,30043,1.5lt,24492.64
6920,2018-05-31,shop_5,adult-cola,can,28385,330ml,22180.11
6921,2018-05-31,shop_5,orange-power,glass,37669,500ml,34075.41
6922,2018-05-31,shop_5,orange-power,plastic,32524,1.5lt,51541.15
6923,2018-05-31,shop_5,orange-power,can,40032,330ml,20634.7
6924,2018-05-31,shop_5,gazoza,glass,22524,500ml,19032.08
6925,2018-05-31,shop_5,gazoza,plastic,41369,1.5lt,32270.1
6926,2018-05-31,shop_5,gazoza,can,41898,330ml,15098.3
6927,2018-05-31,shop_5,lemon-boost,glass,22268,500ml,22290.6
6928,2018-05-31,shop_5,lemon-boost,plastic,23905,1.5lt,27490.49
6929,2018-05-31,shop_5,lemon-boost,can,32120,330ml,15953.27
7005,2018-06-30,shop_5,kinder-cola,glass,13876,500ml,20289.25
7006,2018-06-30,shop_5,kinder-cola,plastic,12459,1.5lt,39474.81
7007,2018-06-30,shop_5,kinder-cola,can,25524,330ml,15494.13
7008,2018-06-30,shop_5,adult-cola,glass,42925,500ml,30360.97
7009,2018-06-30,shop_5,adult-cola,plastic,25347,1.5lt,53489.49
7010,2018-06-30,shop_5,adult-cola,can,26850,330ml,23309.35
7011,2018-06-30,shop_5,orange-power,glass,35828,500ml,34106.72
7012,2018-06-30,shop_5,orange-power,plastic,38468,1.5lt,66838.87
7013,2018-06-30,shop_5,orange-power,can,25546,330ml,15723.6
7014,2018-06-30,shop_5,gazoza,glass,47000,500ml,30831.29
7015,2018-06-30,shop_5,gazoza,plastic,16973,1.5lt,27346.22
7016,2018-06-30,shop_5,gazoza,can,65954,330ml,21400.94
7017,2018-06-30,shop_5,lemon-boost,glass,31731,500ml,28489.62
7018,2018-06-30,shop_5,lemon-boost,plastic,16944,1.5lt,43449.97
7019,2018-06-30,shop_5,lemon-boost,can,23272,330ml,15961.92
7095,2018-07-31,shop_5,kinder-cola,glass,20185,500ml,25788.41
7096,2018-07-31,shop_5,kinder-cola,plastic,20417,1.5lt,49398.09
7097,2018-07-31,shop_5,kinder-cola,can,28235,330ml,13947.17
7098,2018-07-31,shop_5,adult-cola,glass,36906,500ml,41228.07
7099,2018-07-31,shop_5,adult-cola,plastic,30315,1.5lt,60719.63
7100,2018-07-31,shop_5,adult-cola,can,55135,330ml,30178.56
7101,2018-07-31,shop_5,orange-power,glass,34437,500ml,34250.94
7102,2018-07-31,shop_5,orange-power,plastic,43638,1.5lt,73616.8
7103,2018-07-31,shop_5,orange-power,can,46252,330ml,27278.6
7104,2018-07-31,shop_5,gazoza,glass,18997,500ml,16628.59
7105,2018-07-31,shop_5,gazoza,plastic,27602,1.5lt,38813.6
7106,2018-07-31,shop_5,gazoza,can,40281,330ml,15340.21
7107,2018-07-31,shop_5,lemon-boost,glass,26460,500ml,25471.72
7108,2018-07-31,shop_5,lemon-boost,plastic,18569,1.5lt,40008.99
7109,2018-07-31,shop_5,lemon-boost,can,32744,330ml,21038.08
7185,2018-08-31,shop_5,kinder-cola,glass,8345,500ml,15074.41
7186,2018-08-31,shop_5,kinder-cola,plastic,11266,1.5lt,41154.73
7187,2018-08-31,shop_5,kinder-cola,can,16176,330ml,15498.78
7188,2018-08-31,shop_5,adult-cola,glass,30182,500ml,33320.88
7189,2018-08-31,shop_5,adult-cola,plastic,17011,1.5lt,50130.55
7190,2018-08-31,shop_5,adult-cola,can,40039,330ml,23707.39
7191,2018-08-31,shop_5,orange-power,glass,37053,500ml,36172.28
7192,2018-08-31,shop_5,orange-power,plastic,29291,1.5lt,40334.43
7193,2018-08-31,shop_5,orange-power,can,19728,330ml,13956.82
7194,2018-08-31,shop_5,gazoza,glass,43168,500ml,26519.07
7195,2018-08-31,shop_5,gazoza,plastic,25611,1.5lt,34749.08
7196,2018-08-31,shop_5,gazoza,can,33049,330ml,14024.1
7197,2018-08-31,shop_5,lemon-boost,glass,37678,500ml,21870.46
7198,2018-08-31,shop_5,lemon-boost,plastic,11242,1.5lt,33911.02
7199,2018-08-31,shop_5,lemon-boost,can,32848,330ml,15550.93
7275,2018-09-30,shop_5,kinder-cola,glass,9854,500ml,15435.67
7276,2018-09-30,shop_5,kinder-cola,plastic,8701,1.5lt,33542.94
7277,2018-09-30,shop_5,kinder-cola,can,17277,330ml,12883.85
7278,2018-09-30,shop_5,adult-cola,glass,13095,500ml,18604.82
7279,2018-09-30,shop_5,adult-cola,plastic,6204,1.5lt,24773.76
7280,2018-09-30,shop_5,adult-cola,can,20985,330ml,15230.71
7281,2018-09-30,shop_5,orange-power,glass,46393,500ml,28489.64
7282,2018-09-30,shop_5,orange-power,plastic,18102,1.5lt,38814.33
7283,2018-09-30,shop_5,orange-power,can,27716,330ml,16438.79
7284,2018-09-30,shop_5,gazoza,glass,26706,500ml,20460.35
7285,2018-09-30,shop_5,gazoza,plastic,26565,1.5lt,30931.79
7286,2018-09-30,shop_5,gazoza,can,58029,330ml,17922.72
7287,2018-09-30,shop_5,lemon-boost,glass,15848,500ml,18322.82
7288,2018-09-30,shop_5,lemon-boost,plastic,16670,1.5lt,28540.23
7289,2018-09-30,shop_5,lemon-boost,can,24834,330ml,15016.01
7365,2018-10-31,shop_5,kinder-cola,glass,10031,500ml,15263.87
7366,2018-10-31,shop_5,kinder-cola,plastic,10078,1.5lt,25869.77
7367,2018-10-31,shop_5,kinder-cola,can,11548,330ml,10828.24
7368,2018-10-31,shop_5,adult-cola,glass,20811,500ml,21778.36
7369,2018-10-31,shop_5,adult-cola,plastic,15336,1.5lt,27664.02
7370,2018-10-31,shop_5,adult-cola,can,18815,330ml,15183.77
7371,2018-10-31,shop_5,orange-power,glass,16141,500ml,17267.18
7372,2018-10-31,shop_5,orange-power,plastic,10699,1.5lt,26394.86
7373,2018-10-31,shop_5,orange-power,can,36721,330ml,17606.01
7374,2018-10-31,shop_5,gazoza,glass,35812,500ml,22717.81
7375,2018-10-31,shop_5,gazoza,plastic,23984,1.5lt,28892.59
7376,2018-10-31,shop_5,gazoza,can,34172,330ml,11798.63
7377,2018-10-31,shop_5,lemon-boost,glass,12523,500ml,14696.91
7378,2018-10-31,shop_5,lemon-boost,plastic,5957,1.5lt,19261.47
7379,2018-10-31,shop_5,lemon-boost,can,25878,330ml,13368.6
7455,2018-11-30,shop_5,kinder-cola,glass,18805,500ml,15219.2
7456,2018-11-30,shop_5,kinder-cola,plastic,9900,1.5lt,28319.93
7457,2018-11-30,shop_5,kinder-cola,can,10081,330ml,8700.58
7458,2018-11-30,shop_5,adult-cola,glass,26364,500ml,25249.32
7459,2018-11-30,shop_5,adult-cola,plastic,22860,1.5lt,36356.21
7460,2018-11-30,shop_5,adult-cola,can,30887,330ml,14484.69
7461,2018-11-30,shop_5,orange-power,glass,31639,500ml,23377.26
7462,2018-11-30,shop_5,orange-power,plastic,8284,1.5lt,22375.36
7463,2018-11-30,shop_5,orange-power,can,31979,330ml,13084.24
7464,2018-11-30,shop_5,gazoza,glass,27966,500ml,20020.61
7465,2018-11-30,shop_5,gazoza,plastic,12621,1.5lt,19183.5
7466,2018-11-30,shop_5,gazoza,can,28665,330ml,12063.49
7467,2018-11-30,shop_5,lemon-boost,glass,18436,500ml,14567.46
7468,2018-11-30,shop_5,lemon-boost,plastic,8997,1.5lt,24911.86
7469,2018-11-30,shop_5,lemon-boost,can,14166,330ml,10128.33
7545,2018-12-31,shop_5,kinder-cola,glass,13680,500ml,12877.53
7546,2018-12-31,shop_5,kinder-cola,plastic,10949,1.5lt,34381.54
7547,2018-12-31,shop_5,kinder-cola,can,20441,330ml,14759.77
7548,2018-12-31,shop_5,adult-cola,glass,22640,500ml,26677.1
7549,2018-12-31,shop_5,adult-cola,plastic,20660,1.5lt,34854.99
7550,2018-12-31,shop_5,adult-cola,can,27784,330ml,18770.95
7551,2018-12-31,shop_5,orange-power,glass,39920,500ml,32119.48
7552,2018-12-31,shop_5,orange-power,plastic,20519,1.5lt,32382.59
7553,2018-12-31,shop_5,orange-power,can,41583,330ml,21898.0
7554,2018-12-31,shop_5,gazoza,glass,45724,500ml,30193.73
7555,2018-12-31,shop_5,gazoza,plastic,22136,1.5lt,27621.8
7556,2018-12-31,shop_5,gazoza,can,43513,330ml,13289.41
7557,2018-12-31,shop_5,lemon-boost,glass,26496,500ml,18917.76
7558,2018-12-31,shop_5,lemon-boost,plastic,16548,1.5lt,32329.9
7559,2018-12-31,shop_5,lemon-boost,can,23270,330ml,14560.09
