,date,shop,brand,container,quantity,capacity,sales
0,2012-01-31,shop_1,kinder-cola,glass,13280,500ml,12738.38
1,2012-01-31,shop_1,kinder-cola,plastic,6727,1.5lt,19238.04
2,2012-01-31,shop_1,kinder-cola,can,9848,330ml,8559.0
3,2012-01-31,shop_1,adult-cola,glass,20050,500ml,19994.69
4,2012-01-31,shop_1,adult-cola,plastic,12229,1.5lt,31200.35
5,2012-01-31,shop_1,adult-cola,can,25696,330ml,9998.52
6,2012-01-31,shop_1,orange-power,glass,15041,500ml,15101.42
7,2012-01-31,shop_1,orange-power,plastic,15702,1.5lt,23158.42
8,2012-01-31,shop_1,orange-power,can,34578,330ml,14715.78
9,2012-01-31,shop_1,gazoza,glass,44734,500ml,22104.5
10,2012-01-31,shop_1,gazoza,plastic,26884,1.5lt,22972.5
11,2012-01-31,shop_1,gazoza,can,16367,330ml,6580.66
12,2012-01-31,shop_1,lemon-boost,glass,18623,500ml,13004.07
13,2012-01-31,shop_1,lemon-boost,plastic,9645,1.5lt,21298.91
14,2012-01-31,shop_1,lemon-boost,can,19818,330ml,10290.05
15,2012-01-31,shop_2,kinder-cola,glass,8943,500ml,13500.39
16,2012-01-31,shop_2,kinder-cola,plastic,15073,1.5lt,24414.59
17,2012-01-31,shop_2,kinder-cola,can,11174,330ml,10202.35
18,2012-01-31,shop_2,adult-cola,glass,21063,500ml,21062.52
19,2012-01-31,shop_2,adult-cola,plastic,15126,1.5lt,39534.87
20,2012-01-31,shop_2,adult-cola,can,21095,330ml,13532.35
21,2012-01-31,shop_2,orange-power,glass,21720,500ml,19203.38
22,2012-01-31,shop_2,orange-power,plastic,25347,1.5lt,32246.88
23,2012-01-31,shop_2,orange-power,can,54780,330ml,12694.04
24,2012-01-31,shop_2,gazoza,glass,41378,500ml,24109.73
25,2012-01-31,shop_2,gazoza,plastic,30757,1.5lt,30677.44
26,2012-01-31,shop_2,gazoza,can,49688,330ml,12743.44
27,2012-01-31,shop_2,lemon-boost,glass,18582,500ml,16458.79
28,2012-01-31,shop_2,lemon-boost,plastic,10348,1.5lt,23291.91
29,2012-01-31,shop_2,lemon-boost,can,29015,330ml,12027.92
30,2012-01-31,shop_6,kinder-cola,glass,17474,500ml,19412.59
31,2012-01-31,shop_6,kinder-cola,plastic,8361,1.5lt,32078.26
32,2012-01-31,shop_6,kinder-cola,can,26782,330ml,15228.25
33,2012-01-31,shop_6,adult-cola,glass,19841,500ml,23182.85
34,2012-01-31,shop_6,adult-cola,plastic,14917,1.5lt,41386.69
35,2012-01-31,shop_6,adult-cola,can,26581,330ml,17276.23
36,2012-01-31,shop_6,orange-power,glass,38696,500ml,23842.77
37,2012-01-31,shop_6,orange-power,plastic,30586,1.5lt,50474.74
38,2012-01-31,shop_6,orange-power,can,66314,330ml,22130.1
39,2012-01-31,shop_6,gazoza,glass,56428,500ml,31912.72
40,2012-01-31,shop_6,gazoza,plastic,47386,1.5lt,34549.95
41,2012-01-31,shop_6,gazoza,can,77667,330ml,16196.04
42,2012-01-31,shop_6,lemon-boost,glass,26717,500ml,22983.22
43,2012-01-31,shop_6,lemon-boost,plastic,16090,1.5lt,32959.61
44,2012-01-31,shop_6,lemon-boost,can,17127,330ml,11581.81
45,2012-01-31,shop_4,kinder-cola,glass,11406,500ml,15906.24
46,2012-01-31,shop_4,kinder-cola,plastic,11306,1.5lt,31603.48
47,2012-01-31,shop_4,kinder-cola,can,16018,330ml,12623.65
48,2012-01-31,shop_4,adult-cola,glass,20401,500ml,21410.01
49,2012-01-31,shop_4,adult-cola,plastic,12674,1.5lt,37936.69
50,2012-01-31,shop_4,adult-cola,can,30194,330ml,14831.65
51,2012-01-31,shop_4,orange-power,glass,23346,500ml,22464.38
52,2012-01-31,shop_4,orange-power,plastic,12835,1.5lt,27603.36
53,2012-01-31,shop_4,orange-power,can,40722,330ml,16569.36
54,2012-01-31,shop_4,gazoza,glass,39056,500ml,21971.76
55,2012-01-31,shop_4,gazoza,plastic,42833,1.5lt,30576.57
56,2012-01-31,shop_4,gazoza,can,48918,330ml,13878.14
57,2012-01-31,shop_4,lemon-boost,glass,27727,500ml,22870.92
58,2012-01-31,shop_4,lemon-boost,plastic,16352,1.5lt,25434.04
59,2012-01-31,shop_4,lemon-boost,can,13970,330ml,9527.24
60,2012-01-31,shop_3,kinder-cola,glass,5089,500ml,7992.41
61,2012-01-31,shop_3,kinder-cola,plastic,5630,1.5lt,18093.65
62,2012-01-31,shop_3,kinder-cola,can,5891,330ml,5304.65
63,2012-01-31,shop_3,adult-cola,glass,12339,500ml,13960.12
64,2012-01-31,shop_3,adult-cola,plastic,9720,1.5lt,23887.8
65,2012-01-31,shop_3,adult-cola,can,12035,330ml,8591.71
66,2012-01-31,shop_3,orange-power,glass,17298,500ml,14353.87
67,2012-01-31,shop_3,orange-power,plastic,10483,1.5lt,19204.98
68,2012-01-31,shop_3,orange-power,can,16545,330ml,8714.33
69,2012-01-31,shop_3,gazoza,glass,35931,500ml,13826.77
70,2012-01-31,shop_3,gazoza,plastic,14480,1.5lt,16762.56
71,2012-01-31,shop_3,gazoza,can,19886,330ml,6559.99
72,2012-01-31,shop_3,lemon-boost,glass,14309,500ml,12402.06
73,2012-01-31,shop_3,lemon-boost,plastic,8868,1.5lt,17650.76
74,2012-01-31,shop_3,lemon-boost,can,21997,330ml,7216.32
90,2012-02-29,shop_1,kinder-cola,glass,10799,500ml,10354.1
91,2012-02-29,shop_1,kinder-cola,plastic,7114,1.5lt,20604.34
92,2012-02-29,shop_1,kinder-cola,can,8616,330ml,7066.81
93,2012-02-29,shop_1,adult-cola,glass,8324,500ml,10862.59
94,2012-02-29,shop_1,adult-cola,plastic,8954,1.5lt,23950.54
95,2012-02-29,shop_1,adult-cola,can,29463,330ml,11633.42
96,2012-02-29,shop_1,orange-power,glass,16695,500ml,14447.03
97,2012-02-29,shop_1,orange-power,plastic,5777,1.5lt,14490.26
98,2012-02-29,shop_1,orange-power,can,30933,330ml,11061.88
99,2012-02-29,shop_1,gazoza,glass,11362,500ml,8286.06
100,2012-02-29,shop_1,gazoza,plastic,7946,1.5lt,10692.12
101,2012-02-29,shop_1,gazoza,can,41963,330ml,9486.9
102,2012-02-29,shop_1,lemon-boost,glass,17446,500ml,12199.01
103,2012-02-29,shop_1,lemon-boost,plastic,7515,1.5lt,16267.61
104,2012-02-29,shop_1,lemon-boost,can,16815,330ml,9401.65
105,2012-02-29,shop_2,kinder-cola,glass,10413,500ml,13044.52
106,2012-02-29,shop_2,kinder-cola,plastic,9527,1.5lt,22313.71
107,2012-02-29,shop_2,kinder-cola,can,7156,330ml,6375.78
108,2012-02-29,shop_2,adult-cola,glass,15140,500ml,15421.11
109,2012-02-29,shop_2,adult-cola,plastic,12356,1.5lt,19848.86
110,2012-02-29,shop_2,adult-cola,can,17989,330ml,12107.37
111,2012-02-29,shop_2,orange-power,glass,24366,500ml,12310.3
112,2012-02-29,shop_2,orange-power,plastic,13305,1.5lt,26080.64
113,2012-02-29,shop_2,orange-power,can,33120,330ml,14666.93
114,2012-02-29,shop_2,gazoza,glass,27468,500ml,16169.56
115,2012-02-29,shop_2,gazoza,plastic,21164,1.5lt,23680.57
116,2012-02-29,shop_2,gazoza,can,47555,330ml,10600.99
117,2012-02-29,shop_2,lemon-boost,glass,18764,500ml,13316.79
118,2012-02-29,shop_2,lemon-boost,plastic,10790,1.5lt,18041.71
119,2012-02-29,shop_2,lemon-boost,can,11939,330ml,7991.19
120,2012-02-29,shop_6,kinder-cola,glass,14558,500ml,18892.78
121,2012-02-29,shop_6,kinder-cola,plastic,9343,1.5lt,29637.52
122,2012-02-29,shop_6,kinder-cola,can,13663,330ml,10124.72
123,2012-02-29,shop_6,adult-cola,glass,14052,500ml,18193.15
124,2012-02-29,shop_6,adult-cola,plastic,6510,1.5lt,23657.2
125,2012-02-29,shop_6,adult-cola,can,23189,330ml,16642.06
126,2012-02-29,shop_6,orange-power,glass,33467,500ml,26879.14
127,2012-02-29,shop_6,orange-power,plastic,31679,1.5lt,39009.85
128,2012-02-29,shop_6,orange-power,can,65860,330ml,11721.89
129,2012-02-29,shop_6,gazoza,glass,46017,500ml,27615.85
130,2012-02-29,shop_6,gazoza,plastic,39745,1.5lt,21763.63
131,2012-02-29,shop_6,gazoza,can,60087,330ml,16611.04
132,2012-02-29,shop_6,lemon-boost,glass,24260,500ml,20491.9
133,2012-02-29,shop_6,lemon-boost,plastic,16902,1.5lt,28366.09
134,2012-02-29,shop_6,lemon-boost,can,25713,330ml,11922.78
135,2012-02-29,shop_4,kinder-cola,glass,8015,500ml,11556.09
136,2012-02-29,shop_4,kinder-cola,plastic,9418,1.5lt,23634.05
137,2012-02-29,shop_4,kinder-cola,can,15152,330ml,8951.38
138,2012-02-29,shop_4,adult-cola,glass,11993,500ml,14264.33
139,2012-02-29,shop_4,adult-cola,plastic,9196,1.5lt,28994.76
140,2012-02-29,shop_4,adult-cola,can,13290,330ml,10905.54
141,2012-02-29,shop_4,orange-power,glass,20486,500ml,18552.0
142,2012-02-29,shop_4,orange-power,plastic,14801,1.5lt,29993.47
143,2012-02-29,shop_4,orange-power,can,33083,330ml,12813.45
144,2012-02-29,shop_4,gazoza,glass,26542,500ml,16237.36
145,2012-02-29,shop_4,gazoza,plastic,38461,1.5lt,14454.21
146,2012-02-29,shop_4,gazoza,can,41854,330ml,11864.25
147,2012-02-29,shop_4,lemon-boost,glass,18081,500ml,16945.45
148,2012-02-29,shop_4,lemon-boost,plastic,8674,1.5lt,20490.49
149,2012-02-29,shop_4,lemon-boost,can,14972,330ml,9423.98
150,2012-02-29,shop_3,kinder-cola,glass,8191,500ml,9220.08
151,2012-02-29,shop_3,kinder-cola,plastic,4359,1.5lt,12599.61
152,2012-02-29,shop_3,kinder-cola,can,8187,330ml,6058.05
153,2012-02-29,shop_3,adult-cola,glass,6763,500ml,8714.13
154,2012-02-29,shop_3,adult-cola,plastic,6687,1.5lt,21582.4
155,2012-02-29,shop_3,adult-cola,can,21239,330ml,8190.08
156,2012-02-29,shop_3,orange-power,glass,16804,500ml,12984.53
157,2012-02-29,shop_3,orange-power,plastic,6134,1.5lt,14129.09
158,2012-02-29,shop_3,orange-power,can,22035,330ml,8089.53
159,2012-02-29,shop_3,gazoza,glass,24822,500ml,11836.53
160,2012-02-29,shop_3,gazoza,plastic,14749,1.5lt,14479.82
161,2012-02-29,shop_3,gazoza,can,31283,330ml,7315.59
162,2012-02-29,shop_3,lemon-boost,glass,10913,500ml,8051.8
163,2012-02-29,shop_3,lemon-boost,plastic,10071,1.5lt,13788.13
164,2012-02-29,shop_3,lemon-boost,can,8824,330ml,5426.88
180,2012-03-31,shop_1,kinder-cola,glass,12248,500ml,16326.88
181,2012-03-31,shop_1,kinder-cola,plastic,10955,1.5lt,31484.32
182,2012-03-31,shop_1,kinder-cola,can,9656,330ml,8582.56
183,2012-03-31,shop_1,adult-cola,glass,24821,500ml,23522.11
184,2012-03-31,shop_1,adult-cola,plastic,14881,1.5lt,39470.41
185,2012-03-31,shop_1,adult-cola,can,18762,330ml,13257.14
186,2012-03-31,shop_1,orange-power,glass,42741,500ml,25872.31
187,2012-03-31,shop_1,orange-power,plastic,25940,1.5lt,41049.83
188,2012-03-31,shop_1,orange-power,can,59678,330ml,15516.86
189,2012-03-31,shop_1,gazoza,glass,30816,500ml,19970.61
190,2012-03-31,shop_1,gazoza,plastic,31097,1.5lt,29021.4
191,2012-03-31,shop_1,gazoza,can,67246,330ml,13778.31
192,2012-03-31,shop_1,lemon-boost,glass,22825,500ml,16686.22
193,2012-03-31,shop_1,lemon-boost,plastic,14927,1.5lt,27082.55
194,2012-03-31,shop_1,lemon-boost,can,18032,330ml,10582.76
195,2012-03-31,shop_2,kinder-cola,glass,14321,500ml,16869.06
196,2012-03-31,shop_2,kinder-cola,plastic,11422,1.5lt,31062.46
197,2012-03-31,shop_2,kinder-cola,can,20461,330ml,13201.15
198,2012-03-31,shop_2,adult-cola,glass,14333,500ml,18965.84
199,2012-03-31,shop_2,adult-cola,plastic,15019,1.5lt,41046.0
200,2012-03-31,shop_2,adult-cola,can,22329,330ml,14879.71
201,2012-03-31,shop_2,orange-power,glass,37443,500ml,29439.4
202,2012-03-31,shop_2,orange-power,plastic,28770,1.5lt,41106.22
203,2012-03-31,shop_2,orange-power,can,37527,330ml,18836.31
204,2012-03-31,shop_2,gazoza,glass,45858,500ml,27122.49
205,2012-03-31,shop_2,gazoza,plastic,30527,1.5lt,29477.42
206,2012-03-31,shop_2,gazoza,can,65904,330ml,17546.11
207,2012-03-31,shop_2,lemon-boost,glass,24792,500ml,19867.48
208,2012-03-31,shop_2,lemon-boost,plastic,7657,1.5lt,21817.3
209,2012-03-31,shop_2,lemon-boost,can,34868,330ml,13678.37
210,2012-03-31,shop_6,kinder-cola,glass,13455,500ml,20415.81
211,2012-03-31,shop_6,kinder-cola,plastic,15703,1.5lt,39858.36
212,2012-03-31,shop_6,kinder-cola,can,15900,330ml,14291.3
213,2012-03-31,shop_6,adult-cola,glass,20640,500ml,29099.53
214,2012-03-31,shop_6,adult-cola,plastic,21964,1.5lt,54321.59
215,2012-03-31,shop_6,adult-cola,can,31895,330ml,23308.26
216,2012-03-31,shop_6,orange-power,glass,44807,500ml,32592.39
217,2012-03-31,shop_6,orange-power,plastic,30099,1.5lt,55260.51
218,2012-03-31,shop_6,orange-power,can,58697,330ml,25220.75
219,2012-03-31,shop_6,gazoza,glass,47949,500ml,30177.71
220,2012-03-31,shop_6,gazoza,plastic,37979,1.5lt,39286.27
221,2012-03-31,shop_6,gazoza,can,83074,330ml,22047.5
222,2012-03-31,shop_6,lemon-boost,glass,28679,500ml,26084.57
223,2012-03-31,shop_6,lemon-boost,plastic,24045,1.5lt,42593.41
224,2012-03-31,shop_6,lemon-boost,can,21266,330ml,14150.61
225,2012-03-31,shop_4,kinder-cola,glass,9557,500ml,15262.05
226,2012-03-31,shop_4,kinder-cola,plastic,8949,1.5lt,30996.98
227,2012-03-31,shop_4,kinder-cola,can,16093,330ml,12735.16
228,2012-03-31,shop_4,adult-cola,glass,29188,500ml,30800.39
229,2012-03-31,shop_4,adult-cola,plastic,21970,1.5lt,56077.63
230,2012-03-31,shop_4,adult-cola,can,22784,330ml,16454.89
231,2012-03-31,shop_4,orange-power,glass,54080,500ml,37798.54
232,2012-03-31,shop_4,orange-power,plastic,15560,1.5lt,34208.41
233,2012-03-31,shop_4,orange-power,can,61832,330ml,18820.44
234,2012-03-31,shop_4,gazoza,glass,59663,500ml,31902.97
235,2012-03-31,shop_4,gazoza,plastic,50316,1.5lt,30277.18
236,2012-03-31,shop_4,gazoza,can,61129,330ml,17828.4
237,2012-03-31,shop_4,lemon-boost,glass,12744,500ml,15564.77
238,2012-03-31,shop_4,lemon-boost,plastic,13874,1.5lt,32493.22
239,2012-03-31,shop_4,lemon-boost,can,24110,330ml,12237.86
240,2012-03-31,shop_3,kinder-cola,glass,10319,500ml,12817.03
241,2012-03-31,shop_3,kinder-cola,plastic,5045,1.5lt,18496.85
242,2012-03-31,shop_3,kinder-cola,can,10386,330ml,8266.46
243,2012-03-31,shop_3,adult-cola,glass,16239,500ml,17171.46
244,2012-03-31,shop_3,adult-cola,plastic,19424,1.5lt,16423.87
245,2012-03-31,shop_3,adult-cola,can,13152,330ml,10117.97
246,2012-03-31,shop_3,orange-power,glass,33568,500ml,19009.12
247,2012-03-31,shop_3,orange-power,plastic,21788,1.5lt,28240.7
248,2012-03-31,shop_3,orange-power,can,38019,330ml,10544.05
249,2012-03-31,shop_3,gazoza,glass,27346,500ml,16583.61
250,2012-03-31,shop_3,gazoza,plastic,33115,1.5lt,14754.13
251,2012-03-31,shop_3,gazoza,can,38321,330ml,11237.14
252,2012-03-31,shop_3,lemon-boost,glass,20219,500ml,14525.81
253,2012-03-31,shop_3,lemon-boost,plastic,13739,1.5lt,20071.73
254,2012-03-31,shop_3,lemon-boost,can,17351,330ml,9036.61
270,2012-04-30,shop_1,kinder-cola,glass,12234,500ml,16085.2
271,2012-04-30,shop_1,kinder-cola,plastic,9002,1.5lt,31801.39
272,2012-04-30,shop_1,kinder-cola,can,9881,330ml,9427.74
273,2012-04-30,shop_1,adult-cola,glass,19742,500ml,23713.29
274,2012-04-30,shop_1,adult-cola,plastic,18652,1.5lt,41780.7
275,2012-04-30,shop_1,adult-cola,can,20679,330ml,15422.85
276,2012-04-30,shop_1,orange-power,glass,48207,500ml,31877.82
277,2012-04-30,shop_1,orange-power,plastic,19557,1.5lt,36592.61
278,2012-04-30,shop_1,orange-power,can,47608,330ml,20191.77
279,2012-04-30,shop_1,gazoza,glass,52986,500ml,26401.21
280,2012-04-30,shop_1,gazoza,plastic,27350,1.5lt,30881.78
281,2012-04-30,shop_1,gazoza,can,54223,330ml,14706.58
282,2012-04-30,shop_1,lemon-boost,glass,19119,500ml,17709.91
283,2012-04-30,shop_1,lemon-boost,plastic,17780,1.5lt,22643.03
284,2012-04-30,shop_1,lemon-boost,can,51198,330ml,11154.92
285,2012-04-30,shop_2,kinder-cola,glass,19344,500ml,21399.98
286,2012-04-30,shop_2,kinder-cola,plastic,11857,1.5lt,39074.11
287,2012-04-30,shop_2,kinder-cola,can,22812,330ml,15032.56
288,2012-04-30,shop_2,adult-cola,glass,27765,500ml,30513.13
289,2012-04-30,shop_2,adult-cola,plastic,15893,1.5lt,44022.54
290,2012-04-30,shop_2,adult-cola,can,34570,330ml,22981.22
291,2012-04-30,shop_2,orange-power,glass,47998,500ml,34025.98
292,2012-04-30,shop_2,orange-power,plastic,20046,1.5lt,39456.01
293,2012-04-30,shop_2,orange-power,can,47135,330ml,22109.4
294,2012-04-30,shop_2,gazoza,glass,34618,500ml,22761.73
295,2012-04-30,shop_2,gazoza,plastic,37551,1.5lt,35064.81
296,2012-04-30,shop_2,gazoza,can,53114,330ml,18178.7
297,2012-04-30,shop_2,lemon-boost,glass,30300,500ml,25788.48
298,2012-04-30,shop_2,lemon-boost,plastic,16953,1.5lt,38276.24
299,2012-04-30,shop_2,lemon-boost,can,20697,330ml,12392.11
300,2012-04-30,shop_6,kinder-cola,glass,32238,500ml,29898.76
301,2012-04-30,shop_6,kinder-cola,plastic,17162,1.5lt,53960.91
302,2012-04-30,shop_6,kinder-cola,can,29499,330ml,20694.6
303,2012-04-30,shop_6,adult-cola,glass,26348,500ml,33690.56
304,2012-04-30,shop_6,adult-cola,plastic,27447,1.5lt,69792.43
305,2012-04-30,shop_6,adult-cola,can,49109,330ml,31941.48
306,2012-04-30,shop_6,orange-power,glass,73839,500ml,43768.87
307,2012-04-30,shop_6,orange-power,plastic,41523,1.5lt,66938.86
308,2012-04-30,shop_6,orange-power,can,68297,330ml,29269.4
309,2012-04-30,shop_6,gazoza,glass,71100,500ml,42897.62
310,2012-04-30,shop_6,gazoza,plastic,65679,1.5lt,49245.88
311,2012-04-30,shop_6,gazoza,can,80606,330ml,22902.45
312,2012-04-30,shop_6,lemon-boost,glass,34931,500ml,31061.67
313,2012-04-30,shop_6,lemon-boost,plastic,24885,1.5lt,52215.1
314,2012-04-30,shop_6,lemon-boost,can,38584,330ml,20099.24
315,2012-04-30,shop_4,kinder-cola,glass,14495,500ml,19221.84
316,2012-04-30,shop_4,kinder-cola,plastic,21118,1.5lt,40627.25
317,2012-04-30,shop_4,kinder-cola,can,22207,330ml,15635.72
318,2012-04-30,shop_4,adult-cola,glass,33708,500ml,38116.95
319,2012-04-30,shop_4,adult-cola,plastic,21831,1.5lt,57410.56
320,2012-04-30,shop_4,adult-cola,can,44550,330ml,25177.78
321,2012-04-30,shop_4,orange-power,glass,58620,500ml,38002.28
322,2012-04-30,shop_4,orange-power,plastic,36656,1.5lt,49309.53
323,2012-04-30,shop_4,orange-power,can,50809,330ml,22275.45
324,2012-04-30,shop_4,gazoza,glass,66331,500ml,37463.69
325,2012-04-30,shop_4,gazoza,plastic,39721,1.5lt,33584.11
326,2012-04-30,shop_4,gazoza,can,62442,330ml,19473.51
327,2012-04-30,shop_4,lemon-boost,glass,34872,500ml,24224.64
328,2012-04-30,shop_4,lemon-boost,plastic,17011,1.5lt,38339.2
329,2012-04-30,shop_4,lemon-boost,can,29981,330ml,18170.15
330,2012-04-30,shop_3,kinder-cola,glass,10271,500ml,13370.84
331,2012-04-30,shop_3,kinder-cola,plastic,9279,1.5lt,26014.33
332,2012-04-30,shop_3,kinder-cola,can,13451,330ml,12051.7
333,2012-04-30,shop_3,adult-cola,glass,16912,500ml,18345.43
334,2012-04-30,shop_3,adult-cola,plastic,10210,1.5lt,30261.91
335,2012-04-30,shop_3,adult-cola,can,11412,330ml,10012.74
336,2012-04-30,shop_3,orange-power,glass,22207,500ml,19747.92
337,2012-04-30,shop_3,orange-power,plastic,33684,1.5lt,21159.23
338,2012-04-30,shop_3,orange-power,can,43364,330ml,14206.05
339,2012-04-30,shop_3,gazoza,glass,34124,500ml,19504.37
340,2012-04-30,shop_3,gazoza,plastic,29264,1.5lt,22319.23
341,2012-04-30,shop_3,gazoza,can,33934,330ml,11374.92
342,2012-04-30,shop_3,lemon-boost,glass,23851,500ml,18470.21
343,2012-04-30,shop_3,lemon-boost,plastic,16494,1.5lt,29435.53
344,2012-04-30,shop_3,lemon-boost,can,18375,330ml,9066.31
360,2012-05-31,shop_1,kinder-cola,glass,22444,500ml,20856.11
361,2012-05-31,shop_1,kinder-cola,plastic,14585,1.5lt,40069.61
362,2012-05-31,shop_1,kinder-cola,can,21197,330ml,15238.67
363,2012-05-31,shop_1,adult-cola,glass,35489,500ml,31313.02
364,2012-05-31,shop_1,adult-cola,plastic,16576,1.5lt,39307.0
365,2012-05-31,shop_1,adult-cola,can,21227,330ml,16853.63
366,2012-05-31,shop_1,orange-power,glass,33615,500ml,30844.68
367,2012-05-31,shop_1,orange-power,plastic,18752,1.5lt,38795.48
368,2012-05-31,shop_1,orange-power,can,47160,330ml,19985.07
369,2012-05-31,shop_1,gazoza,glass,34211,500ml,22936.55
370,2012-05-31,shop_1,gazoza,plastic,36675,1.5lt,33638.13
371,2012-05-31,shop_1,gazoza,can,64702,330ml,17689.89
372,2012-05-31,shop_1,lemon-boost,glass,27931,500ml,18179.04
373,2012-05-31,shop_1,lemon-boost,plastic,9979,1.5lt,26721.13
374,2012-05-31,shop_1,lemon-boost,can,27252,330ml,16491.85
375,2012-05-31,shop_2,kinder-cola,glass,16387,500ml,22168.54
376,2012-05-31,shop_2,kinder-cola,plastic,18026,1.5lt,44883.06
377,2012-05-31,shop_2,kinder-cola,can,25923,330ml,18037.37
378,2012-05-31,shop_2,adult-cola,glass,28768,500ml,31069.08
379,2012-05-31,shop_2,adult-cola,plastic,23151,1.5lt,62057.42
380,2012-05-31,shop_2,adult-cola,can,41068,330ml,24446.41
381,2012-05-31,shop_2,orange-power,glass,42768,500ml,35667.96
382,2012-05-31,shop_2,orange-power,plastic,49332,1.5lt,45311.5
383,2012-05-31,shop_2,orange-power,can,66515,330ml,26668.41
384,2012-05-31,shop_2,gazoza,glass,72786,500ml,33608.12
385,2012-05-31,shop_2,gazoza,plastic,56600,1.5lt,44303.92
386,2012-05-31,shop_2,gazoza,can,83250,330ml,20009.16
387,2012-05-31,shop_2,lemon-boost,glass,23508,500ml,23001.85
388,2012-05-31,shop_2,lemon-boost,plastic,13543,1.5lt,35526.62
389,2012-05-31,shop_2,lemon-boost,can,36121,330ml,18295.03
390,2012-05-31,shop_6,kinder-cola,glass,32905,500ml,37370.92
391,2012-05-31,shop_6,kinder-cola,plastic,20557,1.5lt,61247.26
392,2012-05-31,shop_6,kinder-cola,can,30446,330ml,22239.98
393,2012-05-31,shop_6,adult-cola,glass,28775,500ml,38141.92
394,2012-05-31,shop_6,adult-cola,plastic,22397,1.5lt,68576.6
395,2012-05-31,shop_6,adult-cola,can,50641,330ml,33434.64
396,2012-05-31,shop_6,orange-power,glass,60877,500ml,49104.62
397,2012-05-31,shop_6,orange-power,plastic,71935,1.5lt,56908.77
398,2012-05-31,shop_6,orange-power,can,45262,330ml,26445.07
399,2012-05-31,shop_6,gazoza,glass,89074,500ml,45362.85
400,2012-05-31,shop_6,gazoza,plastic,73635,1.5lt,51742.06
401,2012-05-31,shop_6,gazoza,can,126691,330ml,29879.35
402,2012-05-31,shop_6,lemon-boost,glass,37742,500ml,34485.98
403,2012-05-31,shop_6,lemon-boost,plastic,26385,1.5lt,55803.62
404,2012-05-31,shop_6,lemon-boost,can,37875,330ml,22990.33
405,2012-05-31,shop_4,kinder-cola,glass,19858,500ml,27538.17
406,2012-05-31,shop_4,kinder-cola,plastic,14075,1.5lt,41895.22
407,2012-05-31,shop_4,kinder-cola,can,20974,330ml,18254.51
408,2012-05-31,shop_4,adult-cola,glass,23515,500ml,31621.56
409,2012-05-31,shop_4,adult-cola,plastic,22499,1.5lt,63513.81
410,2012-05-31,shop_4,adult-cola,can,29324,330ml,22453.53
411,2012-05-31,shop_4,orange-power,glass,56101,500ml,39851.63
412,2012-05-31,shop_4,orange-power,plastic,43937,1.5lt,66342.22
413,2012-05-31,shop_4,orange-power,can,56090,330ml,27052.48
414,2012-05-31,shop_4,gazoza,glass,52364,500ml,31711.71
415,2012-05-31,shop_4,gazoza,plastic,73778,1.5lt,31018.39
416,2012-05-31,shop_4,gazoza,can,86675,330ml,23009.04
417,2012-05-31,shop_4,lemon-boost,glass,29784,500ml,28199.72
418,2012-05-31,shop_4,lemon-boost,plastic,22286,1.5lt,46584.49
419,2012-05-31,shop_4,lemon-boost,can,33824,330ml,20557.17
420,2012-05-31,shop_3,kinder-cola,glass,7023,500ml,11175.52
421,2012-05-31,shop_3,kinder-cola,plastic,9988,1.5lt,31372.15
422,2012-05-31,shop_3,kinder-cola,can,9062,330ml,8618.28
423,2012-05-31,shop_3,adult-cola,glass,24184,500ml,24459.25
424,2012-05-31,shop_3,adult-cola,plastic,13975,1.5lt,38358.83
425,2012-05-31,shop_3,adult-cola,can,22108,330ml,16292.58
426,2012-05-31,shop_3,orange-power,glass,51145,500ml,21896.4
427,2012-05-31,shop_3,orange-power,plastic,24141,1.5lt,32320.6
428,2012-05-31,shop_3,orange-power,can,38188,330ml,15720.15
429,2012-05-31,shop_3,gazoza,glass,55426,500ml,24352.76
430,2012-05-31,shop_3,gazoza,plastic,31466,1.5lt,29009.36
431,2012-05-31,shop_3,gazoza,can,66656,330ml,13519.61
432,2012-05-31,shop_3,lemon-boost,glass,17869,500ml,16033.62
433,2012-05-31,shop_3,lemon-boost,plastic,18308,1.5lt,33000.2
434,2012-05-31,shop_3,lemon-boost,can,28404,330ml,9734.29
450,2012-06-30,shop_1,kinder-cola,glass,26725,500ml,22530.2
451,2012-06-30,shop_1,kinder-cola,plastic,8949,1.5lt,34129.53
452,2012-06-30,shop_1,kinder-cola,can,26492,330ml,14918.28
453,2012-06-30,shop_1,adult-cola,glass,18512,500ml,24259.32
454,2012-06-30,shop_1,adult-cola,plastic,29408,1.5lt,44136.64
455,2012-06-30,shop_1,adult-cola,can,35499,330ml,22569.7
456,2012-06-30,shop_1,orange-power,glass,42218,500ml,33009.82
457,2012-06-30,shop_1,orange-power,plastic,12663,1.5lt,30985.9
458,2012-06-30,shop_1,orange-power,can,66269,330ml,22818.81
459,2012-06-30,shop_1,gazoza,glass,60876,500ml,32682.68
460,2012-06-30,shop_1,gazoza,plastic,29018,1.5lt,36648.17
461,2012-06-30,shop_1,gazoza,can,69978,330ml,20682.93
462,2012-06-30,shop_1,lemon-boost,glass,28187,500ml,23997.06
463,2012-06-30,shop_1,lemon-boost,plastic,13487,1.5lt,33218.4
464,2012-06-30,shop_1,lemon-boost,can,32489,330ml,16120.15
465,2012-06-30,shop_2,kinder-cola,glass,18822,500ml,26615.27
466,2012-06-30,shop_2,kinder-cola,plastic,12345,1.5lt,42762.75
467,2012-06-30,shop_2,kinder-cola,can,26193,330ml,21496.55
468,2012-06-30,shop_2,adult-cola,glass,24140,500ml,32580.22
469,2012-06-30,shop_2,adult-cola,plastic,17879,1.5lt,55673.5
470,2012-06-30,shop_2,adult-cola,can,53237,330ml,28807.69
471,2012-06-30,shop_2,orange-power,glass,79163,500ml,43899.81
472,2012-06-30,shop_2,orange-power,plastic,34967,1.5lt,63227.4
473,2012-06-30,shop_2,orange-power,can,62576,330ml,26046.12
474,2012-06-30,shop_2,gazoza,glass,88605,500ml,41136.49
475,2012-06-30,shop_2,gazoza,plastic,47534,1.5lt,41895.01
476,2012-06-30,shop_2,gazoza,can,113603,330ml,24311.3
477,2012-06-30,shop_2,lemon-boost,glass,41490,500ml,32543.76
478,2012-06-30,shop_2,lemon-boost,plastic,31387,1.5lt,52411.76
479,2012-06-30,shop_2,lemon-boost,can,29075,330ml,18337.51
480,2012-06-30,shop_6,kinder-cola,glass,41329,500ml,42274.53
481,2012-06-30,shop_6,kinder-cola,plastic,15229,1.5lt,56104.22
482,2012-06-30,shop_6,kinder-cola,can,34974,330ml,28385.96
483,2012-06-30,shop_6,adult-cola,glass,33220,500ml,39958.25
484,2012-06-30,shop_6,adult-cola,plastic,45050,1.5lt,83717.02
485,2012-06-30,shop_6,adult-cola,can,62364,330ml,35470.89
486,2012-06-30,shop_6,orange-power,glass,92832,500ml,57348.57
487,2012-06-30,shop_6,orange-power,plastic,43194,1.5lt,77606.13
488,2012-06-30,shop_6,orange-power,can,105630,330ml,34535.05
489,2012-06-30,shop_6,gazoza,glass,144973,500ml,64568.82
490,2012-06-30,shop_6,gazoza,plastic,62943,1.5lt,58812.77
491,2012-06-30,shop_6,gazoza,can,102517,330ml,31301.28
492,2012-06-30,shop_6,lemon-boost,glass,36723,500ml,38070.9
493,2012-06-30,shop_6,lemon-boost,plastic,29172,1.5lt,54823.11
494,2012-06-30,shop_6,lemon-boost,can,47327,330ml,26716.2
495,2012-06-30,shop_4,kinder-cola,glass,23369,500ml,29066.68
496,2012-06-30,shop_4,kinder-cola,plastic,19691,1.5lt,55914.68
497,2012-06-30,shop_4,kinder-cola,can,23986,330ml,19475.38
498,2012-06-30,shop_4,adult-cola,glass,33194,500ml,38068.26
499,2012-06-30,shop_4,adult-cola,plastic,20410,1.5lt,64207.32
500,2012-06-30,shop_4,adult-cola,can,34026,330ml,27008.58
501,2012-06-30,shop_4,orange-power,glass,34944,500ml,33396.35
502,2012-06-30,shop_4,orange-power,plastic,34175,1.5lt,65928.04
503,2012-06-30,shop_4,orange-power,can,87945,330ml,28225.96
504,2012-06-30,shop_4,gazoza,glass,63280,500ml,37672.38
505,2012-06-30,shop_4,gazoza,plastic,39616,1.5lt,43764.23
506,2012-06-30,shop_4,gazoza,can,79847,330ml,25777.91
507,2012-06-30,shop_4,lemon-boost,glass,37402,500ml,31160.86
508,2012-06-30,shop_4,lemon-boost,plastic,21874,1.5lt,51027.68
509,2012-06-30,shop_4,lemon-boost,can,33836,330ml,19567.04
510,2012-06-30,shop_3,kinder-cola,glass,14594,500ml,19607.47
511,2012-06-30,shop_3,kinder-cola,plastic,8156,1.5lt,28139.46
512,2012-06-30,shop_3,kinder-cola,can,13154,330ml,12393.58
513,2012-06-30,shop_3,adult-cola,glass,17967,500ml,21359.42
514,2012-06-30,shop_3,adult-cola,plastic,22374,1.5lt,52542.23
515,2012-06-30,shop_3,adult-cola,can,25694,330ml,18274.44
516,2012-06-30,shop_3,orange-power,glass,40235,500ml,30114.55
517,2012-06-30,shop_3,orange-power,plastic,22500,1.5lt,41018.13
518,2012-06-30,shop_3,orange-power,can,53407,330ml,17993.49
519,2012-06-30,shop_3,gazoza,glass,37339,500ml,23707.42
520,2012-06-30,shop_3,gazoza,plastic,45876,1.5lt,24635.68
521,2012-06-30,shop_3,gazoza,can,57740,330ml,16721.62
522,2012-06-30,shop_3,lemon-boost,glass,20029,500ml,19199.64
523,2012-06-30,shop_3,lemon-boost,plastic,16568,1.5lt,25435.8
524,2012-06-30,shop_3,lemon-boost,can,28763,330ml,15638.74
540,2012-07-31,shop_1,kinder-cola,glass,21950,500ml,25530.54
541,2012-07-31,shop_1,kinder-cola,plastic,19372,1.5lt,45664.05
542,2012-07-31,shop_1,kinder-cola,can,35754,330ml,19453.42
543,2012-07-31,shop_1,adult-cola,glass,22719,500ml,26965.13
544,2012-07-31,shop_1,adult-cola,plastic,18828,1.5lt,53102.19
545,2012-07-31,shop_1,adult-cola,can,38842,330ml,26701.59
546,2012-07-31,shop_1,orange-power,glass,45133,500ml,36022.73
547,2012-07-31,shop_1,orange-power,plastic,26962,1.5lt,46264.65
548,2012-07-31,shop_1,orange-power,can,66930,330ml,27428.0
549,2012-07-31,shop_1,gazoza,glass,91220,500ml,39433.67
550,2012-07-31,shop_1,gazoza,plastic,85465,1.5lt,-1332.77
551,2012-07-31,shop_1,gazoza,can,86420,330ml,19226.98
552,2012-07-31,shop_1,lemon-boost,glass,37102,500ml,32260.99
553,2012-07-31,shop_1,lemon-boost,plastic,13063,1.5lt,35166.36
554,2012-07-31,shop_1,lemon-boost,can,24706,330ml,16065.82
555,2012-07-31,shop_2,kinder-cola,glass,25261,500ml,31650.58
556,2012-07-31,shop_2,kinder-cola,plastic,17780,1.5lt,56393.02
557,2012-07-31,shop_2,kinder-cola,can,25689,330ml,20247.73
558,2012-07-31,shop_2,adult-cola,glass,39938,500ml,42290.31
559,2012-07-31,shop_2,adult-cola,plastic,24060,1.5lt,61715.8
560,2012-07-31,shop_2,adult-cola,can,43018,330ml,29330.24
561,2012-07-31,shop_2,orange-power,glass,55919,500ml,48806.53
562,2012-07-31,shop_2,orange-power,plastic,29726,1.5lt,57011.35
563,2012-07-31,shop_2,orange-power,can,46344,330ml,24876.77
564,2012-07-31,shop_2,gazoza,glass,69696,500ml,41426.55
565,2012-07-31,shop_2,gazoza,plastic,71805,1.5lt,47822.48
566,2012-07-31,shop_2,gazoza,can,145287,330ml,31747.67
567,2012-07-31,shop_2,lemon-boost,glass,40870,500ml,37127.55
568,2012-07-31,shop_2,lemon-boost,plastic,23622,1.5lt,49477.1
569,2012-07-31,shop_2,lemon-boost,can,36183,330ml,21435.56
570,2012-07-31,shop_6,kinder-cola,glass,30386,500ml,41000.42
571,2012-07-31,shop_6,kinder-cola,plastic,33050,1.5lt,70080.98
572,2012-07-31,shop_6,kinder-cola,can,39130,330ml,29093.14
573,2012-07-31,shop_6,adult-cola,glass,51810,500ml,58509.28
574,2012-07-31,shop_6,adult-cola,plastic,33582,1.5lt,93237.96
575,2012-07-31,shop_6,adult-cola,can,44463,330ml,35126.98
576,2012-07-31,shop_6,orange-power,glass,84040,500ml,62073.46
577,2012-07-31,shop_6,orange-power,plastic,67983,1.5lt,100385.53
578,2012-07-31,shop_6,orange-power,can,78816,330ml,38714.68
579,2012-07-31,shop_6,gazoza,glass,118467,500ml,61943.43
580,2012-07-31,shop_6,gazoza,plastic,82174,1.5lt,70668.99
581,2012-07-31,shop_6,gazoza,can,142857,330ml,30778.24
582,2012-07-31,shop_6,lemon-boost,glass,48616,500ml,44211.85
583,2012-07-31,shop_6,lemon-boost,plastic,33800,1.5lt,72898.14
584,2012-07-31,shop_6,lemon-boost,can,58459,330ml,30715.39
585,2012-07-31,shop_4,kinder-cola,glass,25177,500ml,32004.0
586,2012-07-31,shop_4,kinder-cola,plastic,16395,1.5lt,56296.97
587,2012-07-31,shop_4,kinder-cola,can,28099,330ml,20754.72
588,2012-07-31,shop_4,adult-cola,glass,38230,500ml,42502.38
589,2012-07-31,shop_4,adult-cola,plastic,30092,1.5lt,77326.39
590,2012-07-31,shop_4,adult-cola,can,37698,330ml,28495.63
591,2012-07-31,shop_4,orange-power,glass,64685,500ml,45504.76
592,2012-07-31,shop_4,orange-power,plastic,45682,1.5lt,73379.91
593,2012-07-31,shop_4,orange-power,can,39339,330ml,23667.44
594,2012-07-31,shop_4,gazoza,glass,90780,500ml,46945.53
595,2012-07-31,shop_4,gazoza,plastic,99637,1.5lt,47028.99
596,2012-07-31,shop_4,gazoza,can,92431,330ml,27187.36
597,2012-07-31,shop_4,lemon-boost,glass,52300,500ml,37415.52
598,2012-07-31,shop_4,lemon-boost,plastic,24322,1.5lt,56852.27
599,2012-07-31,shop_4,lemon-boost,can,51993,330ml,25280.27
600,2012-07-31,shop_3,kinder-cola,glass,17037,500ml,20307.15
601,2012-07-31,shop_3,kinder-cola,plastic,9206,1.5lt,31309.73
602,2012-07-31,shop_3,kinder-cola,can,27125,330ml,15718.66
603,2012-07-31,shop_3,adult-cola,glass,19378,500ml,24467.89
604,2012-07-31,shop_3,adult-cola,plastic,21879,1.5lt,34191.4
605,2012-07-31,shop_3,adult-cola,can,27085,330ml,20394.97
606,2012-07-31,shop_3,orange-power,glass,49825,500ml,37230.27
607,2012-07-31,shop_3,orange-power,plastic,33843,1.5lt,57596.2
608,2012-07-31,shop_3,orange-power,can,36715,330ml,20696.29
609,2012-07-31,shop_3,gazoza,glass,65396,500ml,32540.49
610,2012-07-31,shop_3,gazoza,plastic,41012,1.5lt,29894.64
611,2012-07-31,shop_3,gazoza,can,59667,330ml,17590.58
612,2012-07-31,shop_3,lemon-boost,glass,24917,500ml,22795.36
613,2012-07-31,shop_3,lemon-boost,plastic,14983,1.5lt,30408.54
614,2012-07-31,shop_3,lemon-boost,can,35390,330ml,17670.99
630,2012-08-31,shop_1,kinder-cola,glass,14036,500ml,19466.66
631,2012-08-31,shop_1,kinder-cola,plastic,11100,1.5lt,40298.52
632,2012-08-31,shop_1,kinder-cola,can,20816,330ml,15430.32
633,2012-08-31,shop_1,adult-cola,glass,17626,500ml,23606.48
634,2012-08-31,shop_1,adult-cola,plastic,21446,1.5lt,58915.6
635,2012-08-31,shop_1,adult-cola,can,20893,330ml,16962.17
636,2012-08-31,shop_1,orange-power,glass,47327,500ml,32985.6
637,2012-08-31,shop_1,orange-power,plastic,32985,1.5lt,45724.82
638,2012-08-31,shop_1,orange-power,can,49702,330ml,22420.59
639,2012-08-31,shop_1,gazoza,glass,26581,500ml,19020.49
640,2012-08-31,shop_1,gazoza,plastic,58213,1.5lt,32378.63
641,2012-08-31,shop_1,gazoza,can,57779,330ml,15426.62
642,2012-08-31,shop_1,lemon-boost,glass,22849,500ml,23452.67
643,2012-08-31,shop_1,lemon-boost,plastic,17793,1.5lt,39233.02
644,2012-08-31,shop_1,lemon-boost,can,34484,330ml,17540.33
645,2012-08-31,shop_2,kinder-cola,glass,17352,500ml,22479.96
646,2012-08-31,shop_2,kinder-cola,plastic,12146,1.5lt,42782.7
647,2012-08-31,shop_2,kinder-cola,can,18083,330ml,15711.36
648,2012-08-31,shop_2,adult-cola,glass,22693,500ml,30866.99
649,2012-08-31,shop_2,adult-cola,plastic,19079,1.5lt,59411.18
650,2012-08-31,shop_2,adult-cola,can,30002,330ml,21332.4
651,2012-08-31,shop_2,orange-power,glass,60576,500ml,38382.82
652,2012-08-31,shop_2,orange-power,plastic,44174,1.5lt,57684.05
653,2012-08-31,shop_2,orange-power,can,64891,330ml,24872.39
654,2012-08-31,shop_2,gazoza,glass,83762,500ml,37646.72
655,2012-08-31,shop_2,gazoza,plastic,41595,1.5lt,38566.51
656,2012-08-31,shop_2,gazoza,can,44337,330ml,16443.22
657,2012-08-31,shop_2,lemon-boost,glass,29998,500ml,27796.52
658,2012-08-31,shop_2,lemon-boost,plastic,17288,1.5lt,40605.28
659,2012-08-31,shop_2,lemon-boost,can,36465,330ml,19655.46
660,2012-08-31,shop_6,kinder-cola,glass,26601,500ml,34675.87
661,2012-08-31,shop_6,kinder-cola,plastic,18410,1.5lt,57968.58
662,2012-08-31,shop_6,kinder-cola,can,33723,330ml,26613.74
663,2012-08-31,shop_6,adult-cola,glass,43742,500ml,52343.77
664,2012-08-31,shop_6,adult-cola,plastic,43546,1.5lt,88297.85
665,2012-08-31,shop_6,adult-cola,can,35833,330ml,28970.9
666,2012-08-31,shop_6,orange-power,glass,60558,500ml,43908.34
667,2012-08-31,shop_6,orange-power,plastic,42531,1.5lt,63584.78
668,2012-08-31,shop_6,orange-power,can,72708,330ml,31931.84
669,2012-08-31,shop_6,gazoza,glass,119943,500ml,57759.43
670,2012-08-31,shop_6,gazoza,plastic,72811,1.5lt,55204.01
671,2012-08-31,shop_6,gazoza,can,100600,330ml,30351.7
672,2012-08-31,shop_6,lemon-boost,glass,57291,500ml,45826.73
673,2012-08-31,shop_6,lemon-boost,plastic,34201,1.5lt,64796.97
674,2012-08-31,shop_6,lemon-boost,can,45882,330ml,27674.5
675,2012-08-31,shop_4,kinder-cola,glass,22061,500ml,26250.88
676,2012-08-31,shop_4,kinder-cola,plastic,18775,1.5lt,49165.06
677,2012-08-31,shop_4,kinder-cola,can,20067,330ml,17121.7
678,2012-08-31,shop_4,adult-cola,glass,31373,500ml,39634.68
679,2012-08-31,shop_4,adult-cola,plastic,27911,1.5lt,66525.9
680,2012-08-31,shop_4,adult-cola,can,30519,330ml,23625.9
681,2012-08-31,shop_4,orange-power,glass,63796,500ml,41603.13
682,2012-08-31,shop_4,orange-power,plastic,50047,1.5lt,63706.2
683,2012-08-31,shop_4,orange-power,can,61450,330ml,26142.2
684,2012-08-31,shop_4,gazoza,glass,60703,500ml,38454.54
685,2012-08-31,shop_4,gazoza,plastic,49616,1.5lt,48231.57
686,2012-08-31,shop_4,gazoza,can,100164,330ml,26573.66
687,2012-08-31,shop_4,lemon-boost,glass,29721,500ml,30107.33
688,2012-08-31,shop_4,lemon-boost,plastic,25579,1.5lt,54913.93
689,2012-08-31,shop_4,lemon-boost,can,39196,330ml,17767.55
690,2012-08-31,shop_3,kinder-cola,glass,15223,500ml,18081.37
691,2012-08-31,shop_3,kinder-cola,plastic,11373,1.5lt,30994.13
692,2012-08-31,shop_3,kinder-cola,can,20328,330ml,13480.5
693,2012-08-31,shop_3,adult-cola,glass,19120,500ml,21710.51
694,2012-08-31,shop_3,adult-cola,plastic,17333,1.5lt,41446.93
695,2012-08-31,shop_3,adult-cola,can,22070,330ml,15973.76
696,2012-08-31,shop_3,orange-power,glass,19802,500ml,18523.19
697,2012-08-31,shop_3,orange-power,plastic,14585,1.5lt,29809.26
698,2012-08-31,shop_3,orange-power,can,26424,330ml,13687.48
699,2012-08-31,shop_3,gazoza,glass,34845,500ml,21297.13
700,2012-08-31,shop_3,gazoza,plastic,45913,1.5lt,11927.51
701,2012-08-31,shop_3,gazoza,can,74902,330ml,15388.04
702,2012-08-31,shop_3,lemon-boost,glass,20214,500ml,19662.12
703,2012-08-31,shop_3,lemon-boost,plastic,18311,1.5lt,30529.1
704,2012-08-31,shop_3,lemon-boost,can,13181,330ml,8961.52
720,2012-09-30,shop_1,kinder-cola,glass,11417,500ml,14530.2
721,2012-09-30,shop_1,kinder-cola,plastic,12141,1.5lt,35183.94
722,2012-09-30,shop_1,kinder-cola,can,21111,330ml,12184.46
723,2012-09-30,shop_1,adult-cola,glass,27890,500ml,25760.42
724,2012-09-30,shop_1,adult-cola,plastic,15878,1.5lt,38710.57
725,2012-09-30,shop_1,adult-cola,can,30580,330ml,19116.67
726,2012-09-30,shop_1,orange-power,glass,57074,500ml,38585.96
727,2012-09-30,shop_1,orange-power,plastic,17593,1.5lt,36930.0
728,2012-09-30,shop_1,orange-power,can,38674,330ml,18505.38
729,2012-09-30,shop_1,gazoza,glass,31812,500ml,20560.38
730,2012-09-30,shop_1,gazoza,plastic,26959,1.5lt,31911.72
731,2012-09-30,shop_1,gazoza,can,53922,330ml,15156.46
732,2012-09-30,shop_1,lemon-boost,glass,19504,500ml,18879.34
733,2012-09-30,shop_1,lemon-boost,plastic,14417,1.5lt,31637.32
734,2012-09-30,shop_1,lemon-boost,can,34028,330ml,14098.07
735,2012-09-30,shop_2,kinder-cola,glass,18163,500ml,19605.76
736,2012-09-30,shop_2,kinder-cola,plastic,13776,1.5lt,38283.21
737,2012-09-30,shop_2,kinder-cola,can,15742,330ml,12982.37
738,2012-09-30,shop_2,adult-cola,glass,27885,500ml,30469.08
739,2012-09-30,shop_2,adult-cola,plastic,12178,1.5lt,39361.05
740,2012-09-30,shop_2,adult-cola,can,24024,330ml,17762.11
741,2012-09-30,shop_2,orange-power,glass,54164,500ml,34589.09
742,2012-09-30,shop_2,orange-power,plastic,17097,1.5lt,35708.5
743,2012-09-30,shop_2,orange-power,can,63183,330ml,22461.03
744,2012-09-30,shop_2,gazoza,glass,56264,500ml,31602.06
745,2012-09-30,shop_2,gazoza,plastic,36672,1.5lt,37811.77
746,2012-09-30,shop_2,gazoza,can,93035,330ml,16316.38
747,2012-09-30,shop_2,lemon-boost,glass,23799,500ml,22694.78
748,2012-09-30,shop_2,lemon-boost,plastic,19764,1.5lt,41096.41
749,2012-09-30,shop_2,lemon-boost,can,19367,330ml,12026.73
750,2012-09-30,shop_6,kinder-cola,glass,21310,500ml,29325.03
751,2012-09-30,shop_6,kinder-cola,plastic,15672,1.5lt,51988.26
752,2012-09-30,shop_6,kinder-cola,can,25115,330ml,22561.19
753,2012-09-30,shop_6,adult-cola,glass,21190,500ml,30198.48
754,2012-09-30,shop_6,adult-cola,plastic,23363,1.5lt,67956.91
755,2012-09-30,shop_6,adult-cola,can,51721,330ml,31619.78
756,2012-09-30,shop_6,orange-power,glass,65076,500ml,50416.09
757,2012-09-30,shop_6,orange-power,plastic,28301,1.5lt,53104.49
758,2012-09-30,shop_6,orange-power,can,75257,330ml,30211.76
759,2012-09-30,shop_6,gazoza,glass,99073,500ml,49120.66
760,2012-09-30,shop_6,gazoza,plastic,87853,1.5lt,34157.27
761,2012-09-30,shop_6,gazoza,can,117297,330ml,27653.55
762,2012-09-30,shop_6,lemon-boost,glass,36908,500ml,33123.55
763,2012-09-30,shop_6,lemon-boost,plastic,21898,1.5lt,52906.23
764,2012-09-30,shop_6,lemon-boost,can,28846,330ml,17889.79
765,2012-09-30,shop_4,kinder-cola,glass,12310,500ml,19025.39
766,2012-09-30,shop_4,kinder-cola,plastic,15834,1.5lt,45051.23
767,2012-09-30,shop_4,kinder-cola,can,19931,330ml,14862.14
768,2012-09-30,shop_4,adult-cola,glass,33152,500ml,34919.89
769,2012-09-30,shop_4,adult-cola,plastic,19979,1.5lt,49779.53
770,2012-09-30,shop_4,adult-cola,can,16813,330ml,14943.21
771,2012-09-30,shop_4,orange-power,glass,49846,500ml,39728.28
772,2012-09-30,shop_4,orange-power,plastic,29029,1.5lt,49225.07
773,2012-09-30,shop_4,orange-power,can,55656,330ml,24014.37
774,2012-09-30,shop_4,gazoza,glass,51119,500ml,31017.17
775,2012-09-30,shop_4,gazoza,plastic,47744,1.5lt,37538.31
776,2012-09-30,shop_4,gazoza,can,84047,330ml,18429.8
777,2012-09-30,shop_4,lemon-boost,glass,27920,500ml,25298.11
778,2012-09-30,shop_4,lemon-boost,plastic,18083,1.5lt,40463.94
779,2012-09-30,shop_4,lemon-boost,can,26561,330ml,14447.74
780,2012-09-30,shop_3,kinder-cola,glass,9964,500ml,13559.41
781,2012-09-30,shop_3,kinder-cola,plastic,5762,1.5lt,20320.5
782,2012-09-30,shop_3,kinder-cola,can,14054,330ml,10840.6
783,2012-09-30,shop_3,adult-cola,glass,14567,500ml,17163.24
784,2012-09-30,shop_3,adult-cola,plastic,7419,1.5lt,24764.87
785,2012-09-30,shop_3,adult-cola,can,7251,330ml,7085.37
786,2012-09-30,shop_3,orange-power,glass,22821,500ml,19828.19
787,2012-09-30,shop_3,orange-power,plastic,22176,1.5lt,30572.22
788,2012-09-30,shop_3,orange-power,can,45196,330ml,17808.42
789,2012-09-30,shop_3,gazoza,glass,35479,500ml,19823.26
790,2012-09-30,shop_3,gazoza,plastic,41312,1.5lt,14373.94
791,2012-09-30,shop_3,gazoza,can,33084,330ml,10745.51
792,2012-09-30,shop_3,lemon-boost,glass,19198,500ml,17193.06
793,2012-09-30,shop_3,lemon-boost,plastic,11509,1.5lt,25462.61
794,2012-09-30,shop_3,lemon-boost,can,16294,330ml,9395.0
810,2012-10-31,shop_1,kinder-cola,glass,9719,500ml,13523.06
811,2012-10-31,shop_1,kinder-cola,plastic,7398,1.5lt,25322.14
812,2012-10-31,shop_1,kinder-cola,can,12887,330ml,10341.06
813,2012-10-31,shop_1,adult-cola,glass,13165,500ml,17763.8
814,2012-10-31,shop_1,adult-cola,plastic,14973,1.5lt,33226.38
815,2012-10-31,shop_1,adult-cola,can,16301,330ml,13016.8
816,2012-10-31,shop_1,orange-power,glass,55190,500ml,16812.67
817,2012-10-31,shop_1,orange-power,plastic,14903,1.5lt,30974.5
818,2012-10-31,shop_1,orange-power,can,29299,330ml,12761.94
819,2012-10-31,shop_1,gazoza,glass,57395,500ml,29206.22
820,2012-10-31,shop_1,gazoza,plastic,31662,1.5lt,25828.64
821,2012-10-31,shop_1,gazoza,can,57172,330ml,15523.16
822,2012-10-31,shop_1,lemon-boost,glass,14355,500ml,13227.77
823,2012-10-31,shop_1,lemon-boost,plastic,10322,1.5lt,23717.38
824,2012-10-31,shop_1,lemon-boost,can,12920,330ml,8675.97
825,2012-10-31,shop_2,kinder-cola,glass,16483,500ml,18192.04
826,2012-10-31,shop_2,kinder-cola,plastic,9484,1.5lt,32388.3
827,2012-10-31,shop_2,kinder-cola,can,16925,330ml,14435.71
828,2012-10-31,shop_2,adult-cola,glass,20320,500ml,22868.29
829,2012-10-31,shop_2,adult-cola,plastic,13376,1.5lt,42740.39
830,2012-10-31,shop_2,adult-cola,can,20916,330ml,16024.04
831,2012-10-31,shop_2,orange-power,glass,43204,500ml,27421.59
832,2012-10-31,shop_2,orange-power,plastic,15553,1.5lt,32789.99
833,2012-10-31,shop_2,orange-power,can,51986,330ml,16236.35
834,2012-10-31,shop_2,gazoza,glass,54619,500ml,25689.15
835,2012-10-31,shop_2,gazoza,plastic,36455,1.5lt,33926.2
836,2012-10-31,shop_2,gazoza,can,57589,330ml,14018.45
837,2012-10-31,shop_2,lemon-boost,glass,23888,500ml,22099.29
838,2012-10-31,shop_2,lemon-boost,plastic,15505,1.5lt,35191.08
839,2012-10-31,shop_2,lemon-boost,can,20537,330ml,12736.3
840,2012-10-31,shop_6,kinder-cola,glass,20556,500ml,24607.09
841,2012-10-31,shop_6,kinder-cola,plastic,9179,1.5lt,36170.27
842,2012-10-31,shop_6,kinder-cola,can,24774,330ml,20103.46
843,2012-10-31,shop_6,adult-cola,glass,20019,500ml,25487.5
844,2012-10-31,shop_6,adult-cola,plastic,18951,1.5lt,56311.02
845,2012-10-31,shop_6,adult-cola,can,35773,330ml,22709.82
846,2012-10-31,shop_6,orange-power,glass,49521,500ml,33430.85
847,2012-10-31,shop_6,orange-power,plastic,41490,1.5lt,57635.39
848,2012-10-31,shop_6,orange-power,can,46732,330ml,23868.18
849,2012-10-31,shop_6,gazoza,glass,71371,500ml,35968.33
850,2012-10-31,shop_6,gazoza,plastic,49139,1.5lt,39288.63
851,2012-10-31,shop_6,gazoza,can,81654,330ml,22294.43
852,2012-10-31,shop_6,lemon-boost,glass,35038,500ml,25645.42
853,2012-10-31,shop_6,lemon-boost,plastic,16151,1.5lt,34696.4
854,2012-10-31,shop_6,lemon-boost,can,35480,330ml,16766.79
855,2012-10-31,shop_4,kinder-cola,glass,16794,500ml,20240.36
856,2012-10-31,shop_4,kinder-cola,plastic,7926,1.5lt,28015.38
857,2012-10-31,shop_4,kinder-cola,can,16046,330ml,12089.38
858,2012-10-31,shop_4,adult-cola,glass,20052,500ml,24899.46
859,2012-10-31,shop_4,adult-cola,plastic,13413,1.5lt,42174.7
860,2012-10-31,shop_4,adult-cola,can,23973,330ml,18548.76
861,2012-10-31,shop_4,orange-power,glass,33258,500ml,31330.06
862,2012-10-31,shop_4,orange-power,plastic,19880,1.5lt,40326.47
863,2012-10-31,shop_4,orange-power,can,40801,330ml,18439.93
864,2012-10-31,shop_4,gazoza,glass,55524,500ml,29098.65
865,2012-10-31,shop_4,gazoza,plastic,28805,1.5lt,29850.45
866,2012-10-31,shop_4,gazoza,can,56685,330ml,16978.72
867,2012-10-31,shop_4,lemon-boost,glass,19429,500ml,17468.76
868,2012-10-31,shop_4,lemon-boost,plastic,24516,1.5lt,34046.04
869,2012-10-31,shop_4,lemon-boost,can,20510,330ml,13160.59
870,2012-10-31,shop_3,kinder-cola,glass,6713,500ml,10022.3
871,2012-10-31,shop_3,kinder-cola,plastic,4722,1.5lt,18504.47
872,2012-10-31,shop_3,kinder-cola,can,7377,330ml,6795.45
873,2012-10-31,shop_3,adult-cola,glass,14741,500ml,16799.68
874,2012-10-31,shop_3,adult-cola,plastic,13824,1.5lt,32689.18
875,2012-10-31,shop_3,adult-cola,can,17584,330ml,12284.79
876,2012-10-31,shop_3,orange-power,glass,35930,500ml,18391.45
877,2012-10-31,shop_3,orange-power,plastic,15145,1.5lt,25271.38
878,2012-10-31,shop_3,orange-power,can,16436,330ml,8874.78
879,2012-10-31,shop_3,gazoza,glass,32603,500ml,16477.18
880,2012-10-31,shop_3,gazoza,plastic,36308,1.5lt,13736.42
881,2012-10-31,shop_3,gazoza,can,28633,330ml,9298.86
882,2012-10-31,shop_3,lemon-boost,glass,22028,500ml,14665.62
883,2012-10-31,shop_3,lemon-boost,plastic,6587,1.5lt,18698.37
884,2012-10-31,shop_3,lemon-boost,can,19025,330ml,8891.69
900,2012-11-30,shop_1,kinder-cola,glass,15536,500ml,14778.44
901,2012-11-30,shop_1,kinder-cola,plastic,6213,1.5lt,22548.84
902,2012-11-30,shop_1,kinder-cola,can,16186,330ml,9406.72
903,2012-11-30,shop_1,adult-cola,glass,15155,500ml,18947.76
904,2012-11-30,shop_1,adult-cola,plastic,8330,1.5lt,28828.19
905,2012-11-30,shop_1,adult-cola,can,20157,330ml,13027.76
906,2012-11-30,shop_1,orange-power,glass,50565,500ml,13594.65
907,2012-11-30,shop_1,orange-power,plastic,21181,1.5lt,30236.17
908,2012-11-30,shop_1,orange-power,can,19414,330ml,11272.17
909,2012-11-30,shop_1,gazoza,glass,49775,500ml,25062.2
910,2012-11-30,shop_1,gazoza,plastic,39608,1.5lt,18823.45
911,2012-11-30,shop_1,gazoza,can,69182,330ml,7788.46
912,2012-11-30,shop_1,lemon-boost,glass,12886,500ml,13491.45
913,2012-11-30,shop_1,lemon-boost,plastic,10380,1.5lt,23634.13
914,2012-11-30,shop_1,lemon-boost,can,25095,330ml,10708.89
915,2012-11-30,shop_2,kinder-cola,glass,17534,500ml,20686.52
916,2012-11-30,shop_2,kinder-cola,plastic,6723,1.5lt,26075.51
917,2012-11-30,shop_2,kinder-cola,can,8404,330ml,8343.31
918,2012-11-30,shop_2,adult-cola,glass,29106,500ml,26141.91
919,2012-11-30,shop_2,adult-cola,plastic,12200,1.5lt,35734.68
920,2012-11-30,shop_2,adult-cola,can,12794,330ml,11172.63
921,2012-11-30,shop_2,orange-power,glass,33425,500ml,28656.03
922,2012-11-30,shop_2,orange-power,plastic,53058,1.5lt,-13240.13
923,2012-11-30,shop_2,orange-power,can,28811,330ml,14416.46
924,2012-11-30,shop_2,gazoza,glass,50004,500ml,28876.84
925,2012-11-30,shop_2,gazoza,plastic,36874,1.5lt,20078.05
926,2012-11-30,shop_2,gazoza,can,73231,330ml,15134.95
927,2012-11-30,shop_2,lemon-boost,glass,21908,500ml,17883.07
928,2012-11-30,shop_2,lemon-boost,plastic,25631,1.5lt,21829.52
929,2012-11-30,shop_2,lemon-boost,can,26126,330ml,13282.44
930,2012-11-30,shop_6,kinder-cola,glass,16662,500ml,20506.04
931,2012-11-30,shop_6,kinder-cola,plastic,9768,1.5lt,33745.7
932,2012-11-30,shop_6,kinder-cola,can,22321,330ml,16055.36
933,2012-11-30,shop_6,adult-cola,glass,41603,500ml,30950.49
934,2012-11-30,shop_6,adult-cola,plastic,20869,1.5lt,57568.73
935,2012-11-30,shop_6,adult-cola,can,35838,330ml,20974.23
936,2012-11-30,shop_6,orange-power,glass,37314,500ml,29485.31
937,2012-11-30,shop_6,orange-power,plastic,44475,1.5lt,47162.35
938,2012-11-30,shop_6,orange-power,can,40922,330ml,21376.98
939,2012-11-30,shop_6,gazoza,glass,63292,500ml,33594.66
940,2012-11-30,shop_6,gazoza,plastic,30031,1.5lt,36446.51
941,2012-11-30,shop_6,gazoza,can,76563,330ml,21826.15
942,2012-11-30,shop_6,lemon-boost,glass,21501,500ml,22329.27
943,2012-11-30,shop_6,lemon-boost,plastic,26956,1.5lt,38111.48
944,2012-11-30,shop_6,lemon-boost,can,30370,330ml,15642.51
945,2012-11-30,shop_4,kinder-cola,glass,11537,500ml,15878.4
946,2012-11-30,shop_4,kinder-cola,plastic,10784,1.5lt,32358.93
947,2012-11-30,shop_4,kinder-cola,can,13421,330ml,12045.23
948,2012-11-30,shop_4,adult-cola,glass,25068,500ml,27426.84
949,2012-11-30,shop_4,adult-cola,plastic,14280,1.5lt,34706.33
950,2012-11-30,shop_4,adult-cola,can,23106,330ml,16226.84
951,2012-11-30,shop_4,orange-power,glass,43422,500ml,27624.32
952,2012-11-30,shop_4,orange-power,plastic,27306,1.5lt,32475.54
953,2012-11-30,shop_4,orange-power,can,62668,330ml,15030.37
954,2012-11-30,shop_4,gazoza,glass,58307,500ml,29171.56
955,2012-11-30,shop_4,gazoza,plastic,31812,1.5lt,28426.22
956,2012-11-30,shop_4,gazoza,can,59197,330ml,15696.76
957,2012-11-30,shop_4,lemon-boost,glass,17147,500ml,18524.05
958,2012-11-30,shop_4,lemon-boost,plastic,7975,1.5lt,22034.42
959,2012-11-30,shop_4,lemon-boost,can,20137,330ml,11892.99
960,2012-11-30,shop_3,kinder-cola,glass,7396,500ml,10188.15
961,2012-11-30,shop_3,kinder-cola,plastic,7695,1.5lt,20020.71
962,2012-11-30,shop_3,kinder-cola,can,7746,330ml,6946.96
963,2012-11-30,shop_3,adult-cola,glass,11517,500ml,14571.22
964,2012-11-30,shop_3,adult-cola,plastic,10730,1.5lt,28931.49
965,2012-11-30,shop_3,adult-cola,can,11914,330ml,9876.09
966,2012-11-30,shop_3,orange-power,glass,17855,500ml,15224.3
967,2012-11-30,shop_3,orange-power,plastic,11883,1.5lt,23223.18
968,2012-11-30,shop_3,orange-power,can,30196,330ml,11499.09
969,2012-11-30,shop_3,gazoza,glass,31705,500ml,18519.68
970,2012-11-30,shop_3,gazoza,plastic,25180,1.5lt,21558.53
971,2012-11-30,shop_3,gazoza,can,26078,330ml,9255.57
972,2012-11-30,shop_3,lemon-boost,glass,11721,500ml,10616.73
973,2012-11-30,shop_3,lemon-boost,plastic,7043,1.5lt,15308.67
974,2012-11-30,shop_3,lemon-boost,can,34132,330ml,5008.05
990,2012-12-31,shop_1,kinder-cola,glass,9223,500ml,14345.04
991,2012-12-31,shop_1,kinder-cola,plastic,6914,1.5lt,26642.66
992,2012-12-31,shop_1,kinder-cola,can,11981,330ml,10888.48
993,2012-12-31,shop_1,adult-cola,glass,22107,500ml,22774.89
994,2012-12-31,shop_1,adult-cola,plastic,12347,1.5lt,35605.62
995,2012-12-31,shop_1,adult-cola,can,18272,330ml,14023.86
996,2012-12-31,shop_1,orange-power,glass,26348,500ml,22509.1
997,2012-12-31,shop_1,orange-power,plastic,21664,1.5lt,33133.09
998,2012-12-31,shop_1,orange-power,can,32152,330ml,14977.18
999,2012-12-31,shop_1,gazoza,glass,27331,500ml,17174.09
1000,2012-12-31,shop_1,gazoza,plastic,35371,1.5lt,27809.39
1001,2012-12-31,shop_1,gazoza,can,54655,330ml,12858.24
1002,2012-12-31,shop_1,lemon-boost,glass,13161,500ml,13178.61
1003,2012-12-31,shop_1,lemon-boost,plastic,13239,1.5lt,25972.05
1004,2012-12-31,shop_1,lemon-boost,can,10409,330ml,7683.0
1005,2012-12-31,shop_2,kinder-cola,glass,20746,500ml,21775.07
1006,2012-12-31,shop_2,kinder-cola,plastic,11276,1.5lt,36566.28
1007,2012-12-31,shop_2,kinder-cola,can,29338,330ml,16033.42
1008,2012-12-31,shop_2,adult-cola,glass,31221,500ml,28905.21
1009,2012-12-31,shop_2,adult-cola,plastic,18689,1.5lt,49463.31
1010,2012-12-31,shop_2,adult-cola,can,26768,330ml,20095.11
1011,2012-12-31,shop_2,orange-power,glass,40032,500ml,28829.25
1012,2012-12-31,shop_2,orange-power,plastic,30256,1.5lt,46810.61
1013,2012-12-31,shop_2,orange-power,can,56182,330ml,20125.83
1014,2012-12-31,shop_2,gazoza,glass,60011,500ml,31011.36
1015,2012-12-31,shop_2,gazoza,plastic,35066,1.5lt,34369.0
1016,2012-12-31,shop_2,gazoza,can,61168,330ml,18679.76
1017,2012-12-31,shop_2,lemon-boost,glass,18292,500ml,18288.98
1018,2012-12-31,shop_2,lemon-boost,plastic,15467,1.5lt,32904.14
1019,2012-12-31,shop_2,lemon-boost,can,27776,330ml,16358.41
1020,2012-12-31,shop_6,kinder-cola,glass,24272,500ml,29966.8
1021,2012-12-31,shop_6,kinder-cola,plastic,11714,1.5lt,43061.44
1022,2012-12-31,shop_6,kinder-cola,can,30662,330ml,18705.44
1023,2012-12-31,shop_6,adult-cola,glass,24156,500ml,32679.36
1024,2012-12-31,shop_6,adult-cola,plastic,27105,1.5lt,65616.3
1025,2012-12-31,shop_6,adult-cola,can,35552,330ml,24942.28
1026,2012-12-31,shop_6,orange-power,glass,51717,500ml,37453.38
1027,2012-12-31,shop_6,orange-power,plastic,50581,1.5lt,55336.0
1028,2012-12-31,shop_6,orange-power,can,58362,330ml,26390.33
1029,2012-12-31,shop_6,gazoza,glass,55913,500ml,32276.29
1030,2012-12-31,shop_6,gazoza,plastic,59301,1.5lt,41686.21
1031,2012-12-31,shop_6,gazoza,can,91445,330ml,23195.49
1032,2012-12-31,shop_6,lemon-boost,glass,24650,500ml,24483.62
1033,2012-12-31,shop_6,lemon-boost,plastic,24971,1.5lt,44711.94
1034,2012-12-31,shop_6,lemon-boost,can,41493,330ml,22004.92
1035,2012-12-31,shop_4,kinder-cola,glass,17085,500ml,21161.35
1036,2012-12-31,shop_4,kinder-cola,plastic,12669,1.5lt,39178.71
1037,2012-12-31,shop_4,kinder-cola,can,21564,330ml,17093.86
1038,2012-12-31,shop_4,adult-cola,glass,21803,500ml,27440.0
1039,2012-12-31,shop_4,adult-cola,plastic,11574,1.5lt,35858.37
1040,2012-12-31,shop_4,adult-cola,can,33322,330ml,22085.6
1041,2012-12-31,shop_4,orange-power,glass,26638,500ml,25350.2
1042,2012-12-31,shop_4,orange-power,plastic,37159,1.5lt,40104.03
1043,2012-12-31,shop_4,orange-power,can,53822,330ml,23511.41
1044,2012-12-31,shop_4,gazoza,glass,50951,500ml,30180.4
1045,2012-12-31,shop_4,gazoza,plastic,43113,1.5lt,34191.23
1046,2012-12-31,shop_4,gazoza,can,51585,330ml,18213.27
1047,2012-12-31,shop_4,lemon-boost,glass,25633,500ml,23432.67
1048,2012-12-31,shop_4,lemon-boost,plastic,17784,1.5lt,42033.25
1049,2012-12-31,shop_4,lemon-boost,can,30137,330ml,17347.4
1050,2012-12-31,shop_3,kinder-cola,glass,9070,500ml,10758.68
1051,2012-12-31,shop_3,kinder-cola,plastic,8705,1.5lt,20774.84
1052,2012-12-31,shop_3,kinder-cola,can,7603,330ml,7111.24
1053,2012-12-31,shop_3,adult-cola,glass,7761,500ml,10598.04
1054,2012-12-31,shop_3,adult-cola,plastic,10283,1.5lt,26994.94
1055,2012-12-31,shop_3,adult-cola,can,14590,330ml,11213.62
1056,2012-12-31,shop_3,orange-power,glass,24244,500ml,20225.38
1057,2012-12-31,shop_3,orange-power,plastic,21555,1.5lt,36272.47
1058,2012-12-31,shop_3,orange-power,can,46779,330ml,11613.4
1059,2012-12-31,shop_3,gazoza,glass,29906,500ml,16154.2
1060,2012-12-31,shop_3,gazoza,plastic,26032,1.5lt,18778.93
1061,2012-12-31,shop_3,gazoza,can,32935,330ml,10658.99
1062,2012-12-31,shop_3,lemon-boost,glass,17424,500ml,15228.93
1063,2012-12-31,shop_3,lemon-boost,plastic,13500,1.5lt,22610.22
1064,2012-12-31,shop_3,lemon-boost,can,14992,330ml,8242.73
1080,2013-01-31,shop_1,kinder-cola,glass,9374,500ml,12410.07
1081,2013-01-31,shop_1,kinder-cola,plastic,7861,1.5lt,19409.52
1082,2013-01-31,shop_1,kinder-cola,can,14972,330ml,9809.19
1083,2013-01-31,shop_1,adult-cola,glass,14847,500ml,18301.65
1084,2013-01-31,shop_1,adult-cola,plastic,11531,1.5lt,31460.13
1085,2013-01-31,shop_1,adult-cola,can,12185,330ml,9570.56
1086,2013-01-31,shop_1,orange-power,glass,27025,500ml,21227.48
1087,2013-01-31,shop_1,orange-power,plastic,16027,1.5lt,23618.37
1088,2013-01-31,shop_1,orange-power,can,39338,330ml,15155.78
1089,2013-01-31,shop_1,gazoza,glass,26337,500ml,17801.71
1090,2013-01-31,shop_1,gazoza,plastic,25126,1.5lt,23709.81
1091,2013-01-31,shop_1,gazoza,can,24232,330ml,8605.62
1092,2013-01-31,shop_1,lemon-boost,glass,12802,500ml,12420.8
1093,2013-01-31,shop_1,lemon-boost,plastic,13822,1.5lt,22079.45
1094,2013-01-31,shop_1,lemon-boost,can,20164,330ml,10563.89
1095,2013-01-31,shop_2,kinder-cola,glass,12802,500ml,16425.94
1096,2013-01-31,shop_2,kinder-cola,plastic,6082,1.5lt,24466.87
1097,2013-01-31,shop_2,kinder-cola,can,10696,330ml,10170.43
1098,2013-01-31,shop_2,adult-cola,glass,16758,500ml,19936.49
1099,2013-01-31,shop_2,adult-cola,plastic,10362,1.5lt,34320.81
1100,2013-01-31,shop_2,adult-cola,can,21490,330ml,13903.15
1101,2013-01-31,shop_2,orange-power,glass,27176,500ml,21665.02
1102,2013-01-31,shop_2,orange-power,plastic,21205,1.5lt,34060.39
1103,2013-01-31,shop_2,orange-power,can,38486,330ml,15536.47
1104,2013-01-31,shop_2,gazoza,glass,36510,500ml,23145.63
1105,2013-01-31,shop_2,gazoza,plastic,28929,1.5lt,31090.17
1106,2013-01-31,shop_2,gazoza,can,34739,330ml,11883.46
1107,2013-01-31,shop_2,lemon-boost,glass,20029,500ml,17160.01
1108,2013-01-31,shop_2,lemon-boost,plastic,14558,1.5lt,24729.24
1109,2013-01-31,shop_2,lemon-boost,can,21923,330ml,12018.1
1110,2013-01-31,shop_6,kinder-cola,glass,15080,500ml,19219.32
1111,2013-01-31,shop_6,kinder-cola,plastic,13693,1.5lt,38865.63
1112,2013-01-31,shop_6,kinder-cola,can,27660,330ml,15395.78
1113,2013-01-31,shop_6,adult-cola,glass,27155,500ml,25978.3
1114,2013-01-31,shop_6,adult-cola,plastic,12030,1.5lt,38473.74
1115,2013-01-31,shop_6,adult-cola,can,31191,330ml,18183.95
1116,2013-01-31,shop_6,orange-power,glass,36470,500ml,24443.76
1117,2013-01-31,shop_6,orange-power,plastic,44073,1.5lt,45559.77
1118,2013-01-31,shop_6,orange-power,can,47618,330ml,22374.64
1119,2013-01-31,shop_6,gazoza,glass,64460,500ml,34137.71
1120,2013-01-31,shop_6,gazoza,plastic,43812,1.5lt,36618.99
1121,2013-01-31,shop_6,gazoza,can,46351,330ml,15758.74
1122,2013-01-31,shop_6,lemon-boost,glass,16827,500ml,18875.73
1123,2013-01-31,shop_6,lemon-boost,plastic,19124,1.5lt,33966.39
1124,2013-01-31,shop_6,lemon-boost,can,22343,330ml,13808.6
1125,2013-01-31,shop_4,kinder-cola,glass,13384,500ml,17410.41
1126,2013-01-31,shop_4,kinder-cola,plastic,15304,1.5lt,28774.93
1127,2013-01-31,shop_4,kinder-cola,can,12877,330ml,11718.94
1128,2013-01-31,shop_4,adult-cola,glass,14756,500ml,18967.67
1129,2013-01-31,shop_4,adult-cola,plastic,16914,1.5lt,42471.08
1130,2013-01-31,shop_4,adult-cola,can,22256,330ml,14880.45
1131,2013-01-31,shop_4,orange-power,glass,35077,500ml,28424.57
1132,2013-01-31,shop_4,orange-power,plastic,27061,1.5lt,30391.93
1133,2013-01-31,shop_4,orange-power,can,42673,330ml,16973.9
1134,2013-01-31,shop_4,gazoza,glass,33261,500ml,20835.41
1135,2013-01-31,shop_4,gazoza,plastic,40186,1.5lt,32344.42
1136,2013-01-31,shop_4,gazoza,can,53951,330ml,14331.93
1137,2013-01-31,shop_4,lemon-boost,glass,16718,500ml,18682.62
1138,2013-01-31,shop_4,lemon-boost,plastic,14738,1.5lt,26629.31
1139,2013-01-31,shop_4,lemon-boost,can,33278,330ml,12387.93
1140,2013-01-31,shop_3,kinder-cola,glass,8360,500ml,10515.89
1141,2013-01-31,shop_3,kinder-cola,plastic,9271,1.5lt,16449.65
1142,2013-01-31,shop_3,kinder-cola,can,6574,330ml,5735.26
1143,2013-01-31,shop_3,adult-cola,glass,9922,500ml,12806.88
1144,2013-01-31,shop_3,adult-cola,plastic,7273,1.5lt,22287.18
1145,2013-01-31,shop_3,adult-cola,can,14646,330ml,9404.01
1146,2013-01-31,shop_3,orange-power,glass,11702,500ml,11748.87
1147,2013-01-31,shop_3,orange-power,plastic,15938,1.5lt,19102.78
1148,2013-01-31,shop_3,orange-power,can,20610,330ml,9788.15
1149,2013-01-31,shop_3,gazoza,glass,15913,500ml,10931.48
1150,2013-01-31,shop_3,gazoza,plastic,22308,1.5lt,17251.31
1151,2013-01-31,shop_3,gazoza,can,14101,330ml,5536.96
1152,2013-01-31,shop_3,lemon-boost,glass,12024,500ml,11899.37
1153,2013-01-31,shop_3,lemon-boost,plastic,10910,1.5lt,17812.2
1154,2013-01-31,shop_3,lemon-boost,can,12685,330ml,7461.35
1170,2013-02-28,shop_1,kinder-cola,glass,11893,500ml,10253.71
1171,2013-02-28,shop_1,kinder-cola,plastic,7921,1.5lt,21065.68
1172,2013-02-28,shop_1,kinder-cola,can,7149,330ml,6602.63
1173,2013-02-28,shop_1,adult-cola,glass,9503,500ml,11998.89
1174,2013-02-28,shop_1,adult-cola,plastic,12703,1.5lt,24273.34
1175,2013-02-28,shop_1,adult-cola,can,22490,330ml,12972.13
1176,2013-02-28,shop_1,orange-power,glass,25729,500ml,16578.01
1177,2013-02-28,shop_1,orange-power,plastic,17040,1.5lt,23601.9
1178,2013-02-28,shop_1,orange-power,can,21013,330ml,10593.92
1179,2013-02-28,shop_1,gazoza,glass,18299,500ml,11695.06
1180,2013-02-28,shop_1,gazoza,plastic,15484,1.5lt,12977.19
1181,2013-02-28,shop_1,gazoza,can,47582,330ml,9110.5
1182,2013-02-28,shop_1,lemon-boost,glass,8249,500ml,9458.38
1183,2013-02-28,shop_1,lemon-boost,plastic,2953,1.5lt,9350.31
1184,2013-02-28,shop_1,lemon-boost,can,22493,330ml,10118.8
1185,2013-02-28,shop_2,kinder-cola,glass,9520,500ml,12901.48
1186,2013-02-28,shop_2,kinder-cola,plastic,8891,1.5lt,23209.13
1187,2013-02-28,shop_2,kinder-cola,can,8479,330ml,7056.07
1188,2013-02-28,shop_2,adult-cola,glass,13062,500ml,15036.34
1189,2013-02-28,shop_2,adult-cola,plastic,7977,1.5lt,21756.19
1190,2013-02-28,shop_2,adult-cola,can,25780,330ml,12752.94
1191,2013-02-28,shop_2,orange-power,glass,8596,500ml,8961.8
1192,2013-02-28,shop_2,orange-power,plastic,16893,1.5lt,28549.72
1193,2013-02-28,shop_2,orange-power,can,44990,330ml,14813.05
1194,2013-02-28,shop_2,gazoza,glass,18326,500ml,12972.31
1195,2013-02-28,shop_2,gazoza,plastic,27469,1.5lt,24891.07
1196,2013-02-28,shop_2,gazoza,can,40706,330ml,11035.24
1197,2013-02-28,shop_2,lemon-boost,glass,12200,500ml,12301.87
1198,2013-02-28,shop_2,lemon-boost,plastic,15790,1.5lt,11824.05
1199,2013-02-28,shop_2,lemon-boost,can,17558,330ml,9966.22
1200,2013-02-28,shop_6,kinder-cola,glass,7176,500ml,12507.11
1201,2013-02-28,shop_6,kinder-cola,plastic,9014,1.5lt,29992.76
1202,2013-02-28,shop_6,kinder-cola,can,16149,330ml,10532.76
1203,2013-02-28,shop_6,adult-cola,glass,14484,500ml,18944.33
1204,2013-02-28,shop_6,adult-cola,plastic,10108,1.5lt,32040.56
1205,2013-02-28,shop_6,adult-cola,can,34234,330ml,18580.35
1206,2013-02-28,shop_6,orange-power,glass,39159,500ml,28774.84
1207,2013-02-28,shop_6,orange-power,plastic,17286,1.5lt,36770.64
1208,2013-02-28,shop_6,orange-power,can,35761,330ml,16568.36
1209,2013-02-28,shop_6,gazoza,glass,76120,500ml,31440.67
1210,2013-02-28,shop_6,gazoza,plastic,30639,1.5lt,26862.05
1211,2013-02-28,shop_6,gazoza,can,58463,330ml,16912.76
1212,2013-02-28,shop_6,lemon-boost,glass,19153,500ml,19243.79
1213,2013-02-28,shop_6,lemon-boost,plastic,12548,1.5lt,28214.81
1214,2013-02-28,shop_6,lemon-boost,can,15906,330ml,10322.27
1215,2013-02-28,shop_4,kinder-cola,glass,10802,500ml,13396.97
1216,2013-02-28,shop_4,kinder-cola,plastic,8769,1.5lt,24348.31
1217,2013-02-28,shop_4,kinder-cola,can,15752,330ml,9057.78
1218,2013-02-28,shop_4,adult-cola,glass,11651,500ml,14376.79
1219,2013-02-28,shop_4,adult-cola,plastic,12819,1.5lt,33854.96
1220,2013-02-28,shop_4,adult-cola,can,24146,330ml,14422.74
1221,2013-02-28,shop_4,orange-power,glass,23338,500ml,20300.01
1222,2013-02-28,shop_4,orange-power,plastic,19342,1.5lt,33563.47
1223,2013-02-28,shop_4,orange-power,can,36455,330ml,12945.22
1224,2013-02-28,shop_4,gazoza,glass,23519,500ml,15501.22
1225,2013-02-28,shop_4,gazoza,plastic,26065,1.5lt,23108.43
1226,2013-02-28,shop_4,gazoza,can,33283,330ml,11267.48
1227,2013-02-28,shop_4,lemon-boost,glass,14368,500ml,15466.54
1228,2013-02-28,shop_4,lemon-boost,plastic,13616,1.5lt,22277.57
1229,2013-02-28,shop_4,lemon-boost,can,19597,330ml,10863.66
1230,2013-02-28,shop_3,kinder-cola,glass,8571,500ml,9468.75
1231,2013-02-28,shop_3,kinder-cola,plastic,3396,1.5lt,12038.78
1232,2013-02-28,shop_3,kinder-cola,can,8454,330ml,6236.23
1233,2013-02-28,shop_3,adult-cola,glass,6389,500ml,8602.24
1234,2013-02-28,shop_3,adult-cola,plastic,10709,1.5lt,26301.95
1235,2013-02-28,shop_3,adult-cola,can,12591,330ml,8761.82
1236,2013-02-28,shop_3,orange-power,glass,18442,500ml,13601.62
1237,2013-02-28,shop_3,orange-power,plastic,10245,1.5lt,18536.73
1238,2013-02-28,shop_3,orange-power,can,16297,330ml,7909.2
1239,2013-02-28,shop_3,gazoza,glass,23685,500ml,12017.87
1240,2013-02-28,shop_3,gazoza,plastic,9029,1.5lt,12351.4
1241,2013-02-28,shop_3,gazoza,can,18615,330ml,6625.82
1242,2013-02-28,shop_3,lemon-boost,glass,10239,500ml,8217.32
1243,2013-02-28,shop_3,lemon-boost,plastic,4192,1.5lt,11700.68
1244,2013-02-28,shop_3,lemon-boost,can,17008,330ml,5905.3
1260,2013-03-31,shop_1,kinder-cola,glass,17406,500ml,17976.1
1261,2013-03-31,shop_1,kinder-cola,plastic,13149,1.5lt,31569.08
1262,2013-03-31,shop_1,kinder-cola,can,12597,330ml,9804.1
1263,2013-03-31,shop_1,adult-cola,glass,11019,500ml,16017.26
1264,2013-03-31,shop_1,adult-cola,plastic,7870,1.5lt,28727.97
1265,2013-03-31,shop_1,adult-cola,can,13338,330ml,11227.12
1266,2013-03-31,shop_1,orange-power,glass,30317,500ml,25024.23
1267,2013-03-31,shop_1,orange-power,plastic,21668,1.5lt,40597.94
1268,2013-03-31,shop_1,orange-power,can,32519,330ml,16514.06
1269,2013-03-31,shop_1,gazoza,glass,47421,500ml,24840.56
1270,2013-03-31,shop_1,gazoza,plastic,43648,1.5lt,24237.14
1271,2013-03-31,shop_1,gazoza,can,41040,330ml,13685.66
1272,2013-03-31,shop_1,lemon-boost,glass,17496,500ml,16289.94
1273,2013-03-31,shop_1,lemon-boost,plastic,16553,1.5lt,27231.8
1274,2013-03-31,shop_1,lemon-boost,can,17492,330ml,10670.96
1275,2013-03-31,shop_2,kinder-cola,glass,13835,500ml,17105.92
1276,2013-03-31,shop_2,kinder-cola,plastic,11093,1.5lt,31754.92
1277,2013-03-31,shop_2,kinder-cola,can,12516,330ml,11550.56
1278,2013-03-31,shop_2,adult-cola,glass,18877,500ml,22623.14
1279,2013-03-31,shop_2,adult-cola,plastic,19130,1.5lt,43461.04
1280,2013-03-31,shop_2,adult-cola,can,25939,330ml,15772.06
1281,2013-03-31,shop_2,orange-power,glass,46648,500ml,31477.74
1282,2013-03-31,shop_2,orange-power,plastic,23586,1.5lt,41719.93
1283,2013-03-31,shop_2,orange-power,can,56096,330ml,20898.53
1284,2013-03-31,shop_2,gazoza,glass,42115,500ml,26553.68
1285,2013-03-31,shop_2,gazoza,plastic,18550,1.5lt,25268.61
1286,2013-03-31,shop_2,gazoza,can,47979,330ml,16393.86
1287,2013-03-31,shop_2,lemon-boost,glass,26601,500ml,20410.24
1288,2013-03-31,shop_2,lemon-boost,plastic,14806,1.5lt,31112.31
1289,2013-03-31,shop_2,lemon-boost,can,23437,330ml,13484.01
1290,2013-03-31,shop_6,kinder-cola,glass,16157,500ml,23134.23
1291,2013-03-31,shop_6,kinder-cola,plastic,16927,1.5lt,39936.25
1292,2013-03-31,shop_6,kinder-cola,can,26102,330ml,16981.93
1293,2013-03-31,shop_6,adult-cola,glass,37147,500ml,41699.19
1294,2013-03-31,shop_6,adult-cola,plastic,15405,1.5lt,48961.1
1295,2013-03-31,shop_6,adult-cola,can,50965,330ml,26266.71
1296,2013-03-31,shop_6,orange-power,glass,33524,500ml,29876.43
1297,2013-03-31,shop_6,orange-power,plastic,43343,1.5lt,56716.75
1298,2013-03-31,shop_6,orange-power,can,39479,330ml,21974.99
1299,2013-03-31,shop_6,gazoza,glass,66019,500ml,35600.63
1300,2013-03-31,shop_6,gazoza,plastic,54119,1.5lt,36886.01
1301,2013-03-31,shop_6,gazoza,can,51491,330ml,18989.13
1302,2013-03-31,shop_6,lemon-boost,glass,26711,500ml,25947.88
1303,2013-03-31,shop_6,lemon-boost,plastic,28629,1.5lt,41091.65
1304,2013-03-31,shop_6,lemon-boost,can,30683,330ml,17450.33
1305,2013-03-31,shop_4,kinder-cola,glass,19207,500ml,21387.12
1306,2013-03-31,shop_4,kinder-cola,plastic,17107,1.5lt,28117.51
1307,2013-03-31,shop_4,kinder-cola,can,20013,330ml,13618.32
1308,2013-03-31,shop_4,adult-cola,glass,28184,500ml,31148.37
1309,2013-03-31,shop_4,adult-cola,plastic,27447,1.5lt,57308.5
1310,2013-03-31,shop_4,adult-cola,can,25322,330ml,17580.89
1311,2013-03-31,shop_4,orange-power,glass,34166,500ml,32149.32
1312,2013-03-31,shop_4,orange-power,plastic,29437,1.5lt,41972.83
1313,2013-03-31,shop_4,orange-power,can,40670,330ml,19426.93
1314,2013-03-31,shop_4,gazoza,glass,64389,500ml,33299.75
1315,2013-03-31,shop_4,gazoza,plastic,52415,1.5lt,29347.29
1316,2013-03-31,shop_4,gazoza,can,62186,330ml,18298.08
1317,2013-03-31,shop_4,lemon-boost,glass,34537,500ml,26302.56
1318,2013-03-31,shop_4,lemon-boost,plastic,19725,1.5lt,35685.31
1319,2013-03-31,shop_4,lemon-boost,can,19930,330ml,11772.59
1320,2013-03-31,shop_3,kinder-cola,glass,11556,500ml,13461.23
1321,2013-03-31,shop_3,kinder-cola,plastic,9351,1.5lt,20091.71
1322,2013-03-31,shop_3,kinder-cola,can,11052,330ml,8623.39
1323,2013-03-31,shop_3,adult-cola,glass,15318,500ml,17221.66
1324,2013-03-31,shop_3,adult-cola,plastic,8058,1.5lt,25067.87
1325,2013-03-31,shop_3,adult-cola,can,20893,330ml,12151.05
1326,2013-03-31,shop_3,orange-power,glass,25507,500ml,19364.56
1327,2013-03-31,shop_3,orange-power,plastic,27022,1.5lt,23840.06
1328,2013-03-31,shop_3,orange-power,can,28627,330ml,11752.69
1329,2013-03-31,shop_3,gazoza,glass,24833,500ml,16083.48
1330,2013-03-31,shop_3,gazoza,plastic,20611,1.5lt,20963.8
1331,2013-03-31,shop_3,gazoza,can,42378,330ml,11684.49
1332,2013-03-31,shop_3,lemon-boost,glass,10892,500ml,12016.5
1333,2013-03-31,shop_3,lemon-boost,plastic,13034,1.5lt,21001.45
1334,2013-03-31,shop_3,lemon-boost,can,18836,330ml,9385.92
1350,2013-04-30,shop_1,kinder-cola,glass,17645,500ml,17455.73
1351,2013-04-30,shop_1,kinder-cola,plastic,11883,1.5lt,35273.59
1352,2013-04-30,shop_1,kinder-cola,can,9795,330ml,9586.81
1353,2013-04-30,shop_1,adult-cola,glass,19544,500ml,24123.68
1354,2013-04-30,shop_1,adult-cola,plastic,13601,1.5lt,40039.73
1355,2013-04-30,shop_1,adult-cola,can,45249,330ml,14487.14
1356,2013-04-30,shop_1,orange-power,glass,18948,500ml,20322.58
1357,2013-04-30,shop_1,orange-power,plastic,22600,1.5lt,38819.01
1358,2013-04-30,shop_1,orange-power,can,75393,330ml,16684.43
1359,2013-04-30,shop_1,gazoza,glass,49301,500ml,26526.23
1360,2013-04-30,shop_1,gazoza,plastic,34049,1.5lt,32737.33
1361,2013-04-30,shop_1,gazoza,can,51748,330ml,14942.27
1362,2013-04-30,shop_1,lemon-boost,glass,17899,500ml,17622.87
1363,2013-04-30,shop_1,lemon-boost,plastic,8335,1.5lt,21838.99
1364,2013-04-30,shop_1,lemon-boost,can,21727,330ml,13716.83
1365,2013-04-30,shop_2,kinder-cola,glass,18847,500ml,21811.3
1366,2013-04-30,shop_2,kinder-cola,plastic,9783,1.5lt,36822.09
1367,2013-04-30,shop_2,kinder-cola,can,20747,330ml,15225.72
1368,2013-04-30,shop_2,adult-cola,glass,32226,500ml,32501.14
1369,2013-04-30,shop_2,adult-cola,plastic,24667,1.5lt,44380.98
1370,2013-04-30,shop_2,adult-cola,can,28273,330ml,21562.54
1371,2013-04-30,shop_2,orange-power,glass,29466,500ml,28234.65
1372,2013-04-30,shop_2,orange-power,plastic,33860,1.5lt,41144.05
1373,2013-04-30,shop_2,orange-power,can,72766,330ml,22319.91
1374,2013-04-30,shop_2,gazoza,glass,41765,500ml,25940.93
1375,2013-04-30,shop_2,gazoza,plastic,32795,1.5lt,35416.3
1376,2013-04-30,shop_2,gazoza,can,55462,330ml,18973.86
1377,2013-04-30,shop_2,lemon-boost,glass,18196,500ml,20657.96
1378,2013-04-30,shop_2,lemon-boost,plastic,25620,1.5lt,39830.98
1379,2013-04-30,shop_2,lemon-boost,can,26101,330ml,13796.42
1380,2013-04-30,shop_6,kinder-cola,glass,25977,500ml,30682.86
1381,2013-04-30,shop_6,kinder-cola,plastic,15690,1.5lt,53684.25
1382,2013-04-30,shop_6,kinder-cola,can,32017,330ml,21271.72
1383,2013-04-30,shop_6,adult-cola,glass,34113,500ml,39241.91
1384,2013-04-30,shop_6,adult-cola,plastic,20573,1.5lt,64328.26
1385,2013-04-30,shop_6,adult-cola,can,52087,330ml,33156.41
1386,2013-04-30,shop_6,orange-power,glass,40949,500ml,38009.29
1387,2013-04-30,shop_6,orange-power,plastic,43043,1.5lt,68553.34
1388,2013-04-30,shop_6,orange-power,can,90537,330ml,29079.29
1389,2013-04-30,shop_6,gazoza,glass,63159,500ml,41103.61
1390,2013-04-30,shop_6,gazoza,plastic,60368,1.5lt,52023.23
1391,2013-04-30,shop_6,gazoza,can,71978,330ml,22737.78
1392,2013-04-30,shop_6,lemon-boost,glass,28517,500ml,29198.82
1393,2013-04-30,shop_6,lemon-boost,plastic,30662,1.5lt,54126.37
1394,2013-04-30,shop_6,lemon-boost,can,25809,330ml,17164.02
1395,2013-04-30,shop_4,kinder-cola,glass,21247,500ml,20977.87
1396,2013-04-30,shop_4,kinder-cola,plastic,19142,1.5lt,44203.8
1397,2013-04-30,shop_4,kinder-cola,can,22737,330ml,16034.0
1398,2013-04-30,shop_4,adult-cola,glass,37235,500ml,40386.75
1399,2013-04-30,shop_4,adult-cola,plastic,24720,1.5lt,59880.39
1400,2013-04-30,shop_4,adult-cola,can,35830,330ml,24612.28
1401,2013-04-30,shop_4,orange-power,glass,34116,500ml,32117.67
1402,2013-04-30,shop_4,orange-power,plastic,31381,1.5lt,51266.24
1403,2013-04-30,shop_4,orange-power,can,32073,330ml,18508.51
1404,2013-04-30,shop_4,gazoza,glass,63662,500ml,37643.23
1405,2013-04-30,shop_4,gazoza,plastic,47861,1.5lt,30801.6
1406,2013-04-30,shop_4,gazoza,can,51807,330ml,18362.09
1407,2013-04-30,shop_4,lemon-boost,glass,24371,500ml,23353.94
1408,2013-04-30,shop_4,lemon-boost,plastic,18742,1.5lt,40370.74
1409,2013-04-30,shop_4,lemon-boost,can,34558,330ml,19764.91
1410,2013-04-30,shop_3,kinder-cola,glass,12026,500ml,14330.66
1411,2013-04-30,shop_3,kinder-cola,plastic,6330,1.5lt,23692.53
1412,2013-04-30,shop_3,kinder-cola,can,23026,330ml,14189.33
1413,2013-04-30,shop_3,adult-cola,glass,13352,500ml,16865.07
1414,2013-04-30,shop_3,adult-cola,plastic,23479,1.5lt,20111.44
1415,2013-04-30,shop_3,adult-cola,can,14073,330ml,11844.8
1416,2013-04-30,shop_3,orange-power,glass,16090,500ml,16491.57
1417,2013-04-30,shop_3,orange-power,plastic,23220,1.5lt,33145.6
1418,2013-04-30,shop_3,orange-power,can,26583,330ml,13663.13
1419,2013-04-30,shop_3,gazoza,glass,40653,500ml,21146.94
1420,2013-04-30,shop_3,gazoza,plastic,18693,1.5lt,22430.11
1421,2013-04-30,shop_3,gazoza,can,42356,330ml,12574.19
1422,2013-04-30,shop_3,lemon-boost,glass,20071,500ml,18252.71
1423,2013-04-30,shop_3,lemon-boost,plastic,12298,1.5lt,28568.28
1424,2013-04-30,shop_3,lemon-boost,can,13835,330ml,8442.92
1440,2013-05-31,shop_1,kinder-cola,glass,20883,500ml,21580.87
1441,2013-05-31,shop_1,kinder-cola,plastic,13658,1.5lt,40810.43
1442,2013-05-31,shop_1,kinder-cola,can,24227,330ml,15722.84
1443,2013-05-31,shop_1,adult-cola,glass,26651,500ml,30271.71
1444,2013-05-31,shop_1,adult-cola,plastic,6814,1.5lt,25666.49
1445,2013-05-31,shop_1,adult-cola,can,37089,330ml,21154.38
1446,2013-05-31,shop_1,orange-power,glass,36662,500ml,33098.05
1447,2013-05-31,shop_1,orange-power,plastic,35674,1.5lt,41523.97
1448,2013-05-31,shop_1,orange-power,can,63705,330ml,19463.16
1449,2013-05-31,shop_1,gazoza,glass,40590,500ml,26049.14
1450,2013-05-31,shop_1,gazoza,plastic,29312,1.5lt,33403.45
1451,2013-05-31,shop_1,gazoza,can,60296,330ml,17874.68
1452,2013-05-31,shop_1,lemon-boost,glass,19053,500ml,17937.96
1453,2013-05-31,shop_1,lemon-boost,plastic,23451,1.5lt,31115.74
1454,2013-05-31,shop_1,lemon-boost,can,34865,330ml,18517.89
1455,2013-05-31,shop_2,kinder-cola,glass,24073,500ml,24672.72
1456,2013-05-31,shop_2,kinder-cola,plastic,10871,1.5lt,40957.56
1457,2013-05-31,shop_2,kinder-cola,can,32104,330ml,18049.1
1458,2013-05-31,shop_2,adult-cola,glass,28578,500ml,31697.27
1459,2013-05-31,shop_2,adult-cola,plastic,25702,1.5lt,64887.28
1460,2013-05-31,shop_2,adult-cola,can,40094,330ml,24904.09
1461,2013-05-31,shop_2,orange-power,glass,49963,500ml,38600.86
1462,2013-05-31,shop_2,orange-power,plastic,29286,1.5lt,54049.13
1463,2013-05-31,shop_2,orange-power,can,53172,330ml,25932.55
1464,2013-05-31,shop_2,gazoza,glass,44599,500ml,28796.1
1465,2013-05-31,shop_2,gazoza,plastic,42876,1.5lt,46193.08
1466,2013-05-31,shop_2,gazoza,can,50325,330ml,17977.56
1467,2013-05-31,shop_2,lemon-boost,glass,29259,500ml,25456.11
1468,2013-05-31,shop_2,lemon-boost,plastic,15200,1.5lt,38722.96
1469,2013-05-31,shop_2,lemon-boost,can,27664,330ml,17012.43
1470,2013-05-31,shop_6,kinder-cola,glass,34502,500ml,38415.3
1471,2013-05-31,shop_6,kinder-cola,plastic,10368,1.5lt,44829.84
1472,2013-05-31,shop_6,kinder-cola,can,36890,330ml,22942.74
1473,2013-05-31,shop_6,adult-cola,glass,56801,500ml,50145.21
1474,2013-05-31,shop_6,adult-cola,plastic,26241,1.5lt,75070.97
1475,2013-05-31,shop_6,adult-cola,can,65913,330ml,35355.26
1476,2013-05-31,shop_6,orange-power,glass,91468,500ml,52252.47
1477,2013-05-31,shop_6,orange-power,plastic,30977,1.5lt,66697.05
1478,2013-05-31,shop_6,orange-power,can,132062,330ml,28208.94
1479,2013-05-31,shop_6,gazoza,glass,76522,500ml,44155.42
1480,2013-05-31,shop_6,gazoza,plastic,52414,1.5lt,56151.85
1481,2013-05-31,shop_6,gazoza,can,101017,330ml,30224.48
1482,2013-05-31,shop_6,lemon-boost,glass,22841,500ml,26745.97
1483,2013-05-31,shop_6,lemon-boost,plastic,19099,1.5lt,49850.33
1484,2013-05-31,shop_6,lemon-boost,can,64206,330ml,25930.08
1485,2013-05-31,shop_4,kinder-cola,glass,31371,500ml,31218.43
1486,2013-05-31,shop_4,kinder-cola,plastic,17442,1.5lt,42319.69
1487,2013-05-31,shop_4,kinder-cola,can,34987,330ml,20675.12
1488,2013-05-31,shop_4,adult-cola,glass,37585,500ml,41210.7
1489,2013-05-31,shop_4,adult-cola,plastic,20783,1.5lt,62869.87
1490,2013-05-31,shop_4,adult-cola,can,57131,330ml,25657.74
1491,2013-05-31,shop_4,orange-power,glass,51751,500ml,40008.03
1492,2013-05-31,shop_4,orange-power,plastic,44169,1.5lt,67813.92
1493,2013-05-31,shop_4,orange-power,can,48524,330ml,25922.32
1494,2013-05-31,shop_4,gazoza,glass,45355,500ml,29912.51
1495,2013-05-31,shop_4,gazoza,plastic,44668,1.5lt,45865.38
1496,2013-05-31,shop_4,gazoza,can,86229,330ml,23519.35
1497,2013-05-31,shop_4,lemon-boost,glass,32971,500ml,29924.0
1498,2013-05-31,shop_4,lemon-boost,plastic,23317,1.5lt,48060.79
1499,2013-05-31,shop_4,lemon-boost,can,53401,330ml,23570.96
1500,2013-05-31,shop_3,kinder-cola,glass,8271,500ml,12693.03
1501,2013-05-31,shop_3,kinder-cola,plastic,10936,1.5lt,32618.97
1502,2013-05-31,shop_3,kinder-cola,can,14398,330ml,10906.65
1503,2013-05-31,shop_3,adult-cola,glass,20900,500ml,23901.98
1504,2013-05-31,shop_3,adult-cola,plastic,11529,1.5lt,36184.79
1505,2013-05-31,shop_3,adult-cola,can,18756,330ml,15218.04
1506,2013-05-31,shop_3,orange-power,glass,34963,500ml,25167.08
1507,2013-05-31,shop_3,orange-power,plastic,12520,1.5lt,27992.46
1508,2013-05-31,shop_3,orange-power,can,20970,330ml,12387.6
1509,2013-05-31,shop_3,gazoza,glass,31627,500ml,20604.84
1510,2013-05-31,shop_3,gazoza,plastic,26166,1.5lt,29073.56
1511,2013-05-31,shop_3,gazoza,can,54046,330ml,14482.68
1512,2013-05-31,shop_3,lemon-boost,glass,18915,500ml,16671.7
1513,2013-05-31,shop_3,lemon-boost,plastic,17315,1.5lt,33734.66
1514,2013-05-31,shop_3,lemon-boost,can,18012,330ml,10147.76
1530,2013-06-30,shop_1,kinder-cola,glass,13828,500ml,20496.44
1531,2013-06-30,shop_1,kinder-cola,plastic,17075,1.5lt,39853.0
1532,2013-06-30,shop_1,kinder-cola,can,11863,330ml,11819.97
1533,2013-06-30,shop_1,adult-cola,glass,34937,500ml,31297.63
1534,2013-06-30,shop_1,adult-cola,plastic,14733,1.5lt,45906.97
1535,2013-06-30,shop_1,adult-cola,can,37078,330ml,23304.32
1536,2013-06-30,shop_1,orange-power,glass,41294,500ml,33492.61
1537,2013-06-30,shop_1,orange-power,plastic,30837,1.5lt,47602.8
1538,2013-06-30,shop_1,orange-power,can,31515,330ml,18458.44
1539,2013-06-30,shop_1,gazoza,glass,45837,500ml,29366.81
1540,2013-06-30,shop_1,gazoza,plastic,49085,1.5lt,41275.8
1541,2013-06-30,shop_1,gazoza,can,100994,330ml,20432.31
1542,2013-06-30,shop_1,lemon-boost,glass,28908,500ml,24674.2
1543,2013-06-30,shop_1,lemon-boost,plastic,20064,1.5lt,38153.83
1544,2013-06-30,shop_1,lemon-boost,can,39973,330ml,16364.68
1545,2013-06-30,shop_2,kinder-cola,glass,20405,500ml,28299.25
1546,2013-06-30,shop_2,kinder-cola,plastic,16680,1.5lt,46885.26
1547,2013-06-30,shop_2,kinder-cola,can,36243,330ml,23484.88
1548,2013-06-30,shop_2,adult-cola,glass,49254,500ml,44374.23
1549,2013-06-30,shop_2,adult-cola,plastic,29728,1.5lt,64715.58
1550,2013-06-30,shop_2,adult-cola,can,47438,330ml,29253.02
1551,2013-06-30,shop_2,orange-power,glass,40455,500ml,38016.69
1552,2013-06-30,shop_2,orange-power,plastic,33266,1.5lt,63642.56
1553,2013-06-30,shop_2,orange-power,can,41034,330ml,22718.19
1554,2013-06-30,shop_2,gazoza,glass,70568,500ml,39899.88
1555,2013-06-30,shop_2,gazoza,plastic,41185,1.5lt,42845.47
1556,2013-06-30,shop_2,gazoza,can,53781,330ml,20513.36
1557,2013-06-30,shop_2,lemon-boost,glass,26136,500ml,28038.98
1558,2013-06-30,shop_2,lemon-boost,plastic,27857,1.5lt,54067.34
1559,2013-06-30,shop_2,lemon-boost,can,34342,330ml,20357.33
1560,2013-06-30,shop_6,kinder-cola,glass,25634,500ml,37531.8
1561,2013-06-30,shop_6,kinder-cola,plastic,19169,1.5lt,62999.65
1562,2013-06-30,shop_6,kinder-cola,can,38645,330ml,30012.44
1563,2013-06-30,shop_6,adult-cola,glass,44138,500ml,45427.85
1564,2013-06-30,shop_6,adult-cola,plastic,31236,1.5lt,86203.37
1565,2013-06-30,shop_6,adult-cola,can,51717,330ml,34963.21
1566,2013-06-30,shop_6,orange-power,glass,60987,500ml,53117.55
1567,2013-06-30,shop_6,orange-power,plastic,56323,1.5lt,80657.5
1568,2013-06-30,shop_6,orange-power,can,47992,330ml,28174.98
1569,2013-06-30,shop_6,gazoza,glass,108474,500ml,62094.56
1570,2013-06-30,shop_6,gazoza,plastic,83450,1.5lt,52884.39
1571,2013-06-30,shop_6,gazoza,can,98502,330ml,31583.09
1572,2013-06-30,shop_6,lemon-boost,glass,45188,500ml,42966.27
1573,2013-06-30,shop_6,lemon-boost,plastic,41871,1.5lt,46526.32
1574,2013-06-30,shop_6,lemon-boost,can,57541,330ml,28800.43
1575,2013-06-30,shop_4,kinder-cola,glass,24352,500ml,30074.09
1576,2013-06-30,shop_4,kinder-cola,plastic,24262,1.5lt,55123.91
1577,2013-06-30,shop_4,kinder-cola,can,25402,330ml,20328.55
1578,2013-06-30,shop_4,adult-cola,glass,37017,500ml,40560.56
1579,2013-06-30,shop_4,adult-cola,plastic,35920,1.5lt,74956.92
1580,2013-06-30,shop_4,adult-cola,can,34628,330ml,27906.77
1581,2013-06-30,shop_4,orange-power,glass,41066,500ml,37597.54
1582,2013-06-30,shop_4,orange-power,plastic,28114,1.5lt,61425.27
1583,2013-06-30,shop_4,orange-power,can,45143,330ml,25127.21
1584,2013-06-30,shop_4,gazoza,glass,80759,500ml,42210.66
1585,2013-06-30,shop_4,gazoza,plastic,58876,1.5lt,43228.17
1586,2013-06-30,shop_4,gazoza,can,112253,330ml,28057.38
1587,2013-06-30,shop_4,lemon-boost,glass,27915,500ml,28608.28
1588,2013-06-30,shop_4,lemon-boost,plastic,27824,1.5lt,55787.83
1589,2013-06-30,shop_4,lemon-boost,can,32261,330ml,19588.4
1590,2013-06-30,shop_3,kinder-cola,glass,18711,500ml,21621.59
1591,2013-06-30,shop_3,kinder-cola,plastic,9808,1.5lt,30436.62
1592,2013-06-30,shop_3,kinder-cola,can,18151,330ml,14907.38
1593,2013-06-30,shop_3,adult-cola,glass,21554,500ml,23511.05
1594,2013-06-30,shop_3,adult-cola,plastic,21553,1.5lt,53573.88
1595,2013-06-30,shop_3,adult-cola,can,28114,330ml,19365.87
1596,2013-06-30,shop_3,orange-power,glass,52181,500ml,31197.41
1597,2013-06-30,shop_3,orange-power,plastic,26774,1.5lt,43267.34
1598,2013-06-30,shop_3,orange-power,can,20630,330ml,12843.08
1599,2013-06-30,shop_3,gazoza,glass,51612,500ml,28159.68
1600,2013-06-30,shop_3,gazoza,plastic,43486,1.5lt,27034.99
1601,2013-06-30,shop_3,gazoza,can,74262,330ml,17071.18
1602,2013-06-30,shop_3,lemon-boost,glass,16345,500ml,17685.03
1603,2013-06-30,shop_3,lemon-boost,plastic,16261,1.5lt,26193.13
1604,2013-06-30,shop_3,lemon-boost,can,25956,330ml,15383.97
1620,2013-07-31,shop_1,kinder-cola,glass,19667,500ml,25349.37
1621,2013-07-31,shop_1,kinder-cola,plastic,14702,1.5lt,46824.87
1622,2013-07-31,shop_1,kinder-cola,can,18829,330ml,17437.23
1623,2013-07-31,shop_1,adult-cola,glass,26031,500ml,29212.33
1624,2013-07-31,shop_1,adult-cola,plastic,21291,1.5lt,56331.78
1625,2013-07-31,shop_1,adult-cola,can,46338,330ml,28707.57
1626,2013-07-31,shop_1,orange-power,glass,68284,500ml,37753.28
1627,2013-07-31,shop_1,orange-power,plastic,20337,1.5lt,42753.9
1628,2013-07-31,shop_1,orange-power,can,81123,330ml,27480.59
1629,2013-07-31,shop_1,gazoza,glass,48089,500ml,32130.08
1630,2013-07-31,shop_1,gazoza,plastic,36853,1.5lt,40470.1
1631,2013-07-31,shop_1,gazoza,can,56475,330ml,18720.47
1632,2013-07-31,shop_1,lemon-boost,glass,30264,500ml,30503.06
1633,2013-07-31,shop_1,lemon-boost,plastic,22579,1.5lt,45199.87
1634,2013-07-31,shop_1,lemon-boost,can,35691,330ml,19484.61
1635,2013-07-31,shop_2,kinder-cola,glass,29287,500ml,33477.84
1636,2013-07-31,shop_2,kinder-cola,plastic,21121,1.5lt,59048.54
1637,2013-07-31,shop_2,kinder-cola,can,32342,330ml,21613.17
1638,2013-07-31,shop_2,adult-cola,glass,44233,500ml,44287.49
1639,2013-07-31,shop_2,adult-cola,plastic,30925,1.5lt,62750.19
1640,2013-07-31,shop_2,adult-cola,can,55555,330ml,31641.75
1641,2013-07-31,shop_2,orange-power,glass,42343,500ml,42279.19
1642,2013-07-31,shop_2,orange-power,plastic,28726,1.5lt,57501.1
1643,2013-07-31,shop_2,orange-power,can,73275,330ml,29628.61
1644,2013-07-31,shop_2,gazoza,glass,61294,500ml,39561.23
1645,2013-07-31,shop_2,gazoza,plastic,68015,1.5lt,50847.2
1646,2013-07-31,shop_2,gazoza,can,83584,330ml,29473.1
1647,2013-07-31,shop_2,lemon-boost,glass,58941,500ml,38984.6
1648,2013-07-31,shop_2,lemon-boost,plastic,22708,1.5lt,50075.21
1649,2013-07-31,shop_2,lemon-boost,can,44346,330ml,23593.4
1650,2013-07-31,shop_6,kinder-cola,glass,37247,500ml,44933.5
1651,2013-07-31,shop_6,kinder-cola,plastic,30710,1.5lt,74097.86
1652,2013-07-31,shop_6,kinder-cola,can,36733,330ml,29224.27
1653,2013-07-31,shop_6,adult-cola,glass,49728,500ml,58792.05
1654,2013-07-31,shop_6,adult-cola,plastic,44071,1.5lt,99446.48
1655,2013-07-31,shop_6,adult-cola,can,67051,330ml,43019.5
1656,2013-07-31,shop_6,orange-power,glass,90648,500ml,64369.4
1657,2013-07-31,shop_6,orange-power,plastic,99127,1.5lt,74288.47
1658,2013-07-31,shop_6,orange-power,can,88836,330ml,41283.34
1659,2013-07-31,shop_6,gazoza,glass,120975,500ml,63690.45
1660,2013-07-31,shop_6,gazoza,plastic,79351,1.5lt,72675.53
1661,2013-07-31,shop_6,gazoza,can,87663,330ml,29720.3
1662,2013-07-31,shop_6,lemon-boost,glass,53485,500ml,46499.4
1663,2013-07-31,shop_6,lemon-boost,plastic,39758,1.5lt,76618.58
1664,2013-07-31,shop_6,lemon-boost,can,58868,330ml,31463.42
1665,2013-07-31,shop_4,kinder-cola,glass,25336,500ml,32795.15
1666,2013-07-31,shop_4,kinder-cola,plastic,23688,1.5lt,60907.9
1667,2013-07-31,shop_4,kinder-cola,can,20279,330ml,18601.32
1668,2013-07-31,shop_4,adult-cola,glass,38843,500ml,43717.22
1669,2013-07-31,shop_4,adult-cola,plastic,32711,1.5lt,80037.32
1670,2013-07-31,shop_4,adult-cola,can,55275,330ml,33390.5
1671,2013-07-31,shop_4,orange-power,glass,46831,500ml,41570.14
1672,2013-07-31,shop_4,orange-power,plastic,46220,1.5lt,75083.24
1673,2013-07-31,shop_4,orange-power,can,56009,330ml,30126.02
1674,2013-07-31,shop_4,gazoza,glass,89189,500ml,47772.45
1675,2013-07-31,shop_4,gazoza,plastic,62879,1.5lt,64217.82
1676,2013-07-31,shop_4,gazoza,can,68245,330ml,24576.05
1677,2013-07-31,shop_4,lemon-boost,glass,33604,500ml,34218.42
1678,2013-07-31,shop_4,lemon-boost,plastic,39783,1.5lt,59852.14
1679,2013-07-31,shop_4,lemon-boost,can,62828,330ml,25535.77
1680,2013-07-31,shop_3,kinder-cola,glass,10828,500ml,16860.74
1681,2013-07-31,shop_3,kinder-cola,plastic,15829,1.5lt,30605.41
1682,2013-07-31,shop_3,kinder-cola,can,18702,330ml,15407.44
1683,2013-07-31,shop_3,adult-cola,glass,28742,500ml,29477.06
1684,2013-07-31,shop_3,adult-cola,plastic,27818,1.5lt,21000.02
1685,2013-07-31,shop_3,adult-cola,can,32210,330ml,22575.02
1686,2013-07-31,shop_3,orange-power,glass,41743,500ml,35720.14
1687,2013-07-31,shop_3,orange-power,plastic,33606,1.5lt,58816.14
1688,2013-07-31,shop_3,orange-power,can,69086,330ml,26348.46
1689,2013-07-31,shop_3,gazoza,glass,48464,500ml,29820.92
1690,2013-07-31,shop_3,gazoza,plastic,24356,1.5lt,29997.56
1691,2013-07-31,shop_3,gazoza,can,55681,330ml,17626.07
1692,2013-07-31,shop_3,lemon-boost,glass,9676,500ml,12592.42
1693,2013-07-31,shop_3,lemon-boost,plastic,21792,1.5lt,28307.38
1694,2013-07-31,shop_3,lemon-boost,can,44192,330ml,17924.63
1710,2013-08-31,shop_1,kinder-cola,glass,19391,500ml,22104.5
1711,2013-08-31,shop_1,kinder-cola,plastic,15264,1.5lt,45717.02
1712,2013-08-31,shop_1,kinder-cola,can,21953,330ml,15944.44
1713,2013-08-31,shop_1,adult-cola,glass,27353,500ml,30347.38
1714,2013-08-31,shop_1,adult-cola,plastic,24096,1.5lt,62044.11
1715,2013-08-31,shop_1,adult-cola,can,24463,330ml,19033.1
1716,2013-08-31,shop_1,orange-power,glass,30399,500ml,28368.32
1717,2013-08-31,shop_1,orange-power,plastic,16387,1.5lt,37676.83
1718,2013-08-31,shop_1,orange-power,can,46629,330ml,22477.19
1719,2013-08-31,shop_1,gazoza,glass,64222,500ml,29838.69
1720,2013-08-31,shop_1,gazoza,plastic,37702,1.5lt,39694.7
1721,2013-08-31,shop_1,gazoza,can,54203,330ml,15651.6
1722,2013-08-31,shop_1,lemon-boost,glass,30164,500ml,26981.35
1723,2013-08-31,shop_1,lemon-boost,plastic,19798,1.5lt,41225.84
1724,2013-08-31,shop_1,lemon-boost,can,30431,330ml,17302.13
1725,2013-08-31,shop_2,kinder-cola,glass,18761,500ml,23599.11
1726,2013-08-31,shop_2,kinder-cola,plastic,19538,1.5lt,46323.92
1727,2013-08-31,shop_2,kinder-cola,can,20516,330ml,16986.85
1728,2013-08-31,shop_2,adult-cola,glass,33925,500ml,39631.98
1729,2013-08-31,shop_2,adult-cola,plastic,23204,1.5lt,66259.02
1730,2013-08-31,shop_2,adult-cola,can,40160,330ml,23650.63
1731,2013-08-31,shop_2,orange-power,glass,66437,500ml,38663.86
1732,2013-08-31,shop_2,orange-power,plastic,49785,1.5lt,54872.8
1733,2013-08-31,shop_2,orange-power,can,68655,330ml,25291.84
1734,2013-08-31,shop_2,gazoza,glass,45875,500ml,30641.69
1735,2013-08-31,shop_2,gazoza,plastic,40327,1.5lt,39454.95
1736,2013-08-31,shop_2,gazoza,can,76077,330ml,20767.45
1737,2013-08-31,shop_2,lemon-boost,glass,29249,500ml,28140.46
1738,2013-08-31,shop_2,lemon-boost,plastic,23533,1.5lt,44771.65
1739,2013-08-31,shop_2,lemon-boost,can,26811,330ml,17483.91
1740,2013-08-31,shop_6,kinder-cola,glass,27822,500ml,36043.55
1741,2013-08-31,shop_6,kinder-cola,plastic,28623,1.5lt,53979.94
1742,2013-08-31,shop_6,kinder-cola,can,40223,330ml,28344.89
1743,2013-08-31,shop_6,adult-cola,glass,54909,500ml,58537.14
1744,2013-08-31,shop_6,adult-cola,plastic,39058,1.5lt,91567.2
1745,2013-08-31,shop_6,adult-cola,can,60996,330ml,37219.84
1746,2013-08-31,shop_6,orange-power,glass,46502,500ml,40820.69
1747,2013-08-31,shop_6,orange-power,plastic,25801,1.5lt,56096.52
1748,2013-08-31,shop_6,orange-power,can,93749,330ml,32644.46
1749,2013-08-31,shop_6,gazoza,glass,100261,500ml,56406.99
1750,2013-08-31,shop_6,gazoza,plastic,59414,1.5lt,58823.39
1751,2013-08-31,shop_6,gazoza,can,104027,330ml,31315.34
1752,2013-08-31,shop_6,lemon-boost,glass,44873,500ml,43663.95
1753,2013-08-31,shop_6,lemon-boost,plastic,32433,1.5lt,65924.96
1754,2013-08-31,shop_6,lemon-boost,can,73651,330ml,31347.23
1755,2013-08-31,shop_4,kinder-cola,glass,29327,500ml,26693.7
1756,2013-08-31,shop_4,kinder-cola,plastic,12287,1.5lt,45408.65
1757,2013-08-31,shop_4,kinder-cola,can,37291,330ml,17649.79
1758,2013-08-31,shop_4,adult-cola,glass,57506,500ml,47998.89
1759,2013-08-31,shop_4,adult-cola,plastic,26227,1.5lt,67504.9
1760,2013-08-31,shop_4,adult-cola,can,48238,330ml,28565.09
1761,2013-08-31,shop_4,orange-power,glass,45277,500ml,38897.44
1762,2013-08-31,shop_4,orange-power,plastic,44113,1.5lt,67187.44
1763,2013-08-31,shop_4,orange-power,can,46044,330ml,24214.07
1764,2013-08-31,shop_4,gazoza,glass,79079,500ml,44699.08
1765,2013-08-31,shop_4,gazoza,plastic,75500,1.5lt,37674.74
1766,2013-08-31,shop_4,gazoza,can,65121,330ml,23505.6
1767,2013-08-31,shop_4,lemon-boost,glass,25054,500ml,27909.76
1768,2013-08-31,shop_4,lemon-boost,plastic,32374,1.5lt,57407.61
1769,2013-08-31,shop_4,lemon-boost,can,33058,330ml,17750.39
1770,2013-08-31,shop_3,kinder-cola,glass,13525,500ml,17833.16
1771,2013-08-31,shop_3,kinder-cola,plastic,10622,1.5lt,31588.83
1772,2013-08-31,shop_3,kinder-cola,can,19500,330ml,13746.08
1773,2013-08-31,shop_3,adult-cola,glass,30460,500ml,23090.13
1774,2013-08-31,shop_3,adult-cola,plastic,22198,1.5lt,40203.02
1775,2013-08-31,shop_3,adult-cola,can,25834,330ml,17378.8
1776,2013-08-31,shop_3,orange-power,glass,39743,500ml,23093.36
1777,2013-08-31,shop_3,orange-power,plastic,21946,1.5lt,33901.69
1778,2013-08-31,shop_3,orange-power,can,22891,330ml,12944.15
1779,2013-08-31,shop_3,gazoza,glass,30606,500ml,20226.66
1780,2013-08-31,shop_3,gazoza,plastic,17589,1.5lt,22870.19
1781,2013-08-31,shop_3,gazoza,can,52263,330ml,15994.68
1782,2013-08-31,shop_3,lemon-boost,glass,19053,500ml,19539.82
1783,2013-08-31,shop_3,lemon-boost,plastic,17711,1.5lt,31399.37
1784,2013-08-31,shop_3,lemon-boost,can,19679,330ml,11377.89
1800,2013-09-30,shop_1,kinder-cola,glass,13952,500ml,15535.38
1801,2013-09-30,shop_1,kinder-cola,plastic,11065,1.5lt,35396.32
1802,2013-09-30,shop_1,kinder-cola,can,18514,330ml,12627.95
1803,2013-09-30,shop_1,adult-cola,glass,18468,500ml,23032.25
1804,2013-09-30,shop_1,adult-cola,plastic,16640,1.5lt,39715.76
1805,2013-09-30,shop_1,adult-cola,can,21721,330ml,17003.78
1806,2013-09-30,shop_1,orange-power,glass,29422,500ml,29432.97
1807,2013-09-30,shop_1,orange-power,plastic,27398,1.5lt,43179.29
1808,2013-09-30,shop_1,orange-power,can,35197,330ml,18196.13
1809,2013-09-30,shop_1,gazoza,glass,56871,500ml,25962.57
1810,2013-09-30,shop_1,gazoza,plastic,50108,1.5lt,29135.31
1811,2013-09-30,shop_1,gazoza,can,36890,330ml,13401.3
1812,2013-09-30,shop_1,lemon-boost,glass,23989,500ml,20742.28
1813,2013-09-30,shop_1,lemon-boost,plastic,20747,1.5lt,32529.44
1814,2013-09-30,shop_1,lemon-boost,can,40244,330ml,13307.45
1815,2013-09-30,shop_2,kinder-cola,glass,16191,500ml,19704.76
1816,2013-09-30,shop_2,kinder-cola,plastic,9023,1.5lt,34300.36
1817,2013-09-30,shop_2,kinder-cola,can,15639,330ml,13238.19
1818,2013-09-30,shop_2,adult-cola,glass,28421,500ml,31358.37
1819,2013-09-30,shop_2,adult-cola,plastic,24832,1.5lt,45978.1
1820,2013-09-30,shop_2,adult-cola,can,31668,330ml,20121.71
1821,2013-09-30,shop_2,orange-power,glass,45221,500ml,34577.26
1822,2013-09-30,shop_2,orange-power,plastic,25687,1.5lt,41509.63
1823,2013-09-30,shop_2,orange-power,can,33890,330ml,19138.69
1824,2013-09-30,shop_2,gazoza,glass,43240,500ml,28295.82
1825,2013-09-30,shop_2,gazoza,plastic,49118,1.5lt,36973.29
1826,2013-09-30,shop_2,gazoza,can,84624,330ml,17839.79
1827,2013-09-30,shop_2,lemon-boost,glass,20986,500ml,21848.41
1828,2013-09-30,shop_2,lemon-boost,plastic,15765,1.5lt,38804.56
1829,2013-09-30,shop_2,lemon-boost,can,42573,330ml,11853.34
1830,2013-09-30,shop_6,kinder-cola,glass,19658,500ml,28788.32
1831,2013-09-30,shop_6,kinder-cola,plastic,13236,1.5lt,49487.0
1832,2013-09-30,shop_6,kinder-cola,can,33413,330ml,26066.22
1833,2013-09-30,shop_6,adult-cola,glass,24096,500ml,33845.91
1834,2013-09-30,shop_6,adult-cola,plastic,36921,1.5lt,72757.78
1835,2013-09-30,shop_6,adult-cola,can,56655,330ml,32659.84
1836,2013-09-30,shop_6,orange-power,glass,64179,500ml,51315.02
1837,2013-09-30,shop_6,orange-power,plastic,28795,1.5lt,54618.31
1838,2013-09-30,shop_6,orange-power,can,91045,330ml,29979.1
1839,2013-09-30,shop_6,gazoza,glass,56416,500ml,38639.64
1840,2013-09-30,shop_6,gazoza,plastic,34388,1.5lt,46008.29
1841,2013-09-30,shop_6,gazoza,can,81903,330ml,26825.39
1842,2013-09-30,shop_6,lemon-boost,glass,40148,500ml,34670.65
1843,2013-09-30,shop_6,lemon-boost,plastic,36224,1.5lt,58374.94
1844,2013-09-30,shop_6,lemon-boost,can,32933,330ml,19491.76
1845,2013-09-30,shop_4,kinder-cola,glass,18270,500ml,23857.01
1846,2013-09-30,shop_4,kinder-cola,plastic,14078,1.5lt,45194.32
1847,2013-09-30,shop_4,kinder-cola,can,14887,330ml,13516.91
1848,2013-09-30,shop_4,adult-cola,glass,26563,500ml,32639.76
1849,2013-09-30,shop_4,adult-cola,plastic,13888,1.5lt,44509.74
1850,2013-09-30,shop_4,adult-cola,can,34611,330ml,23166.77
1851,2013-09-30,shop_4,orange-power,glass,55362,500ml,41966.66
1852,2013-09-30,shop_4,orange-power,plastic,29133,1.5lt,50363.09
1853,2013-09-30,shop_4,orange-power,can,73818,330ml,23983.2
1854,2013-09-30,shop_4,gazoza,glass,59532,500ml,33996.97
1855,2013-09-30,shop_4,gazoza,plastic,42320,1.5lt,39497.61
1856,2013-09-30,shop_4,gazoza,can,46185,330ml,16667.68
1857,2013-09-30,shop_4,lemon-boost,glass,32625,500ml,26887.71
1858,2013-09-30,shop_4,lemon-boost,plastic,21992,1.5lt,43209.96
1859,2013-09-30,shop_4,lemon-boost,can,30440,330ml,15257.25
1860,2013-09-30,shop_3,kinder-cola,glass,10491,500ml,14178.42
1861,2013-09-30,shop_3,kinder-cola,plastic,10115,1.5lt,21055.78
1862,2013-09-30,shop_3,kinder-cola,can,9369,330ml,9103.19
1863,2013-09-30,shop_3,adult-cola,glass,23327,500ml,19184.51
1864,2013-09-30,shop_3,adult-cola,plastic,14915,1.5lt,31461.5
1865,2013-09-30,shop_3,adult-cola,can,23942,330ml,16435.6
1866,2013-09-30,shop_3,orange-power,glass,35461,500ml,22845.18
1867,2013-09-30,shop_3,orange-power,plastic,20973,1.5lt,31566.85
1868,2013-09-30,shop_3,orange-power,can,25173,330ml,14543.34
1869,2013-09-30,shop_3,gazoza,glass,15963,500ml,12183.75
1870,2013-09-30,shop_3,gazoza,plastic,22856,1.5lt,24335.81
1871,2013-09-30,shop_3,gazoza,can,45324,330ml,11773.88
1872,2013-09-30,shop_3,lemon-boost,glass,19920,500ml,17778.05
1873,2013-09-30,shop_3,lemon-boost,plastic,13823,1.5lt,27042.8
1874,2013-09-30,shop_3,lemon-boost,can,24823,330ml,10178.64
1890,2013-10-31,shop_1,kinder-cola,glass,13559,500ml,15409.05
1891,2013-10-31,shop_1,kinder-cola,plastic,11129,1.5lt,27029.15
1892,2013-10-31,shop_1,kinder-cola,can,11512,330ml,10080.5
1893,2013-10-31,shop_1,adult-cola,glass,14768,500ml,19546.47
1894,2013-10-31,shop_1,adult-cola,plastic,11810,1.5lt,32870.69
1895,2013-10-31,shop_1,adult-cola,can,28120,330ml,16466.55
1896,2013-10-31,shop_1,orange-power,glass,22641,500ml,20642.38
1897,2013-10-31,shop_1,orange-power,plastic,18825,1.5lt,34831.35
1898,2013-10-31,shop_1,orange-power,can,38203,330ml,12926.01
1899,2013-10-31,shop_1,gazoza,glass,49672,500ml,28518.08
1900,2013-10-31,shop_1,gazoza,plastic,30242,1.5lt,26729.0
1901,2013-10-31,shop_1,gazoza,can,64253,330ml,15848.93
1902,2013-10-31,shop_1,lemon-boost,glass,11087,500ml,11939.32
1903,2013-10-31,shop_1,lemon-boost,plastic,15131,1.5lt,25441.96
1904,2013-10-31,shop_1,lemon-boost,can,35888,330ml,8953.79
1905,2013-10-31,shop_2,kinder-cola,glass,14583,500ml,18169.65
1906,2013-10-31,shop_2,kinder-cola,plastic,14978,1.5lt,33804.06
1907,2013-10-31,shop_2,kinder-cola,can,28656,330ml,15749.16
1908,2013-10-31,shop_2,adult-cola,glass,29566,500ml,24742.91
1909,2013-10-31,shop_2,adult-cola,plastic,25542,1.5lt,50083.43
1910,2013-10-31,shop_2,adult-cola,can,33438,330ml,19154.68
1911,2013-10-31,shop_2,orange-power,glass,48401,500ml,27450.7
1912,2013-10-31,shop_2,orange-power,plastic,23706,1.5lt,38501.94
1913,2013-10-31,shop_2,orange-power,can,14897,330ml,9839.73
1914,2013-10-31,shop_2,gazoza,glass,35899,500ml,22669.95
1915,2013-10-31,shop_2,gazoza,plastic,38987,1.5lt,34414.94
1916,2013-10-31,shop_2,gazoza,can,47500,330ml,14142.01
1917,2013-10-31,shop_2,lemon-boost,glass,23267,500ml,22364.64
1918,2013-10-31,shop_2,lemon-boost,plastic,12081,1.5lt,31938.53
1919,2013-10-31,shop_2,lemon-boost,can,29863,330ml,14890.0
1920,2013-10-31,shop_6,kinder-cola,glass,25858,500ml,25492.86
1921,2013-10-31,shop_6,kinder-cola,plastic,17287,1.5lt,45304.31
1922,2013-10-31,shop_6,kinder-cola,can,29967,330ml,21675.46
1923,2013-10-31,shop_6,adult-cola,glass,36696,500ml,31303.64
1924,2013-10-31,shop_6,adult-cola,plastic,27597,1.5lt,62880.46
1925,2013-10-31,shop_6,adult-cola,can,24500,330ml,19654.44
1926,2013-10-31,shop_6,orange-power,glass,48676,500ml,34130.48
1927,2013-10-31,shop_6,orange-power,plastic,35586,1.5lt,59404.67
1928,2013-10-31,shop_6,orange-power,can,44982,330ml,23955.06
1929,2013-10-31,shop_6,gazoza,glass,59854,500ml,34754.08
1930,2013-10-31,shop_6,gazoza,plastic,49813,1.5lt,39954.84
1931,2013-10-31,shop_6,gazoza,can,72980,330ml,22300.44
1932,2013-10-31,shop_6,lemon-boost,glass,37392,500ml,26011.26
1933,2013-10-31,shop_6,lemon-boost,plastic,20065,1.5lt,36359.34
1934,2013-10-31,shop_6,lemon-boost,can,40252,330ml,17017.36
1935,2013-10-31,shop_4,kinder-cola,glass,12098,500ml,18003.81
1936,2013-10-31,shop_4,kinder-cola,plastic,8500,1.5lt,29483.2
1937,2013-10-31,shop_4,kinder-cola,can,23506,330ml,11911.42
1938,2013-10-31,shop_4,adult-cola,glass,29528,500ml,29526.01
1939,2013-10-31,shop_4,adult-cola,plastic,27394,1.5lt,45572.51
1940,2013-10-31,shop_4,adult-cola,can,35877,330ml,22258.53
1941,2013-10-31,shop_4,orange-power,glass,30080,500ml,30025.92
1942,2013-10-31,shop_4,orange-power,plastic,37242,1.5lt,41610.17
1943,2013-10-31,shop_4,orange-power,can,56264,330ml,18848.02
1944,2013-10-31,shop_4,gazoza,glass,49977,500ml,28700.1
1945,2013-10-31,shop_4,gazoza,plastic,33585,1.5lt,30665.11
1946,2013-10-31,shop_4,gazoza,can,68032,330ml,17821.62
1947,2013-10-31,shop_4,lemon-boost,glass,19220,500ml,17796.7
1948,2013-10-31,shop_4,lemon-boost,plastic,15181,1.5lt,35217.53
1949,2013-10-31,shop_4,lemon-boost,can,12409,330ml,9496.39
1950,2013-10-31,shop_3,kinder-cola,glass,3460,500ml,6322.58
1951,2013-10-31,shop_3,kinder-cola,plastic,5470,1.5lt,20517.08
1952,2013-10-31,shop_3,kinder-cola,can,9639,330ml,7909.86
1953,2013-10-31,shop_3,adult-cola,glass,16882,500ml,18017.01
1954,2013-10-31,shop_3,adult-cola,plastic,11028,1.5lt,31762.37
1955,2013-10-31,shop_3,adult-cola,can,23612,330ml,13462.62
1956,2013-10-31,shop_3,orange-power,glass,23534,500ml,18860.44
1957,2013-10-31,shop_3,orange-power,plastic,26947,1.5lt,15242.71
1958,2013-10-31,shop_3,orange-power,can,11549,330ml,7219.13
1959,2013-10-31,shop_3,gazoza,glass,26679,500ml,15742.59
1960,2013-10-31,shop_3,gazoza,plastic,20382,1.5lt,21794.88
1961,2013-10-31,shop_3,gazoza,can,37285,330ml,10178.07
1962,2013-10-31,shop_3,lemon-boost,glass,13894,500ml,13834.64
1963,2013-10-31,shop_3,lemon-boost,plastic,17832,1.5lt,24947.96
1964,2013-10-31,shop_3,lemon-boost,can,11210,330ml,7450.59
1980,2013-11-30,shop_1,kinder-cola,glass,19041,500ml,13474.24
1981,2013-11-30,shop_1,kinder-cola,plastic,9353,1.5lt,25666.97
1982,2013-11-30,shop_1,kinder-cola,can,10795,330ml,9086.92
1983,2013-11-30,shop_1,adult-cola,glass,17394,500ml,20791.92
1984,2013-11-30,shop_1,adult-cola,plastic,15805,1.5lt,39407.1
1985,2013-11-30,shop_1,adult-cola,can,15119,330ml,11783.1
1986,2013-11-30,shop_1,orange-power,glass,31960,500ml,21184.45
1987,2013-11-30,shop_1,orange-power,plastic,15291,1.5lt,29590.86
1988,2013-11-30,shop_1,orange-power,can,47846,330ml,14120.42
1989,2013-11-30,shop_1,gazoza,glass,46315,500ml,25149.97
1990,2013-11-30,shop_1,gazoza,plastic,24503,1.5lt,25520.13
1991,2013-11-30,shop_1,gazoza,can,29062,330ml,10297.47
1992,2013-11-30,shop_1,lemon-boost,glass,14310,500ml,14586.97
1993,2013-11-30,shop_1,lemon-boost,plastic,13639,1.5lt,25522.05
1994,2013-11-30,shop_1,lemon-boost,can,19281,330ml,10629.45
1995,2013-11-30,shop_2,kinder-cola,glass,12851,500ml,18732.12
1996,2013-11-30,shop_2,kinder-cola,plastic,12954,1.5lt,31468.12
1997,2013-11-30,shop_2,kinder-cola,can,15185,330ml,11465.42
1998,2013-11-30,shop_2,adult-cola,glass,29472,500ml,26724.48
1999,2013-11-30,shop_2,adult-cola,plastic,19960,1.5lt,38088.54
2000,2013-11-30,shop_2,adult-cola,can,30652,330ml,17013.61
2001,2013-11-30,shop_2,orange-power,glass,46133,500ml,32501.76
2002,2013-11-30,shop_2,orange-power,plastic,19066,1.5lt,36969.65
2003,2013-11-30,shop_2,orange-power,can,28521,330ml,14674.53
2004,2013-11-30,shop_2,gazoza,glass,41646,500ml,26886.8
2005,2013-11-30,shop_2,gazoza,plastic,24603,1.5lt,25045.6
2006,2013-11-30,shop_2,gazoza,can,59176,330ml,16097.53
2007,2013-11-30,shop_2,lemon-boost,glass,11166,500ml,13147.22
2008,2013-11-30,shop_2,lemon-boost,plastic,20252,1.5lt,30014.53
2009,2013-11-30,shop_2,lemon-boost,can,32649,330ml,13608.18
2010,2013-11-30,shop_6,kinder-cola,glass,23921,500ml,20838.99
2011,2013-11-30,shop_6,kinder-cola,plastic,14926,1.5lt,36242.39
2012,2013-11-30,shop_6,kinder-cola,can,25484,330ml,16569.14
2013,2013-11-30,shop_6,adult-cola,glass,20586,500ml,26889.17
2014,2013-11-30,shop_6,adult-cola,plastic,21118,1.5lt,59091.94
2015,2013-11-30,shop_6,adult-cola,can,30488,330ml,20686.65
2016,2013-11-30,shop_6,orange-power,glass,36228,500ml,29820.9
2017,2013-11-30,shop_6,orange-power,plastic,26706,1.5lt,51208.36
2018,2013-11-30,shop_6,orange-power,can,43112,330ml,22419.97
2019,2013-11-30,shop_6,gazoza,glass,49852,500ml,31052.66
2020,2013-11-30,shop_6,gazoza,plastic,45457,1.5lt,40021.98
2021,2013-11-30,shop_6,gazoza,can,64882,330ml,21249.7
2022,2013-11-30,shop_6,lemon-boost,glass,23604,500ml,23975.46
2023,2013-11-30,shop_6,lemon-boost,plastic,17929,1.5lt,39954.14
2024,2013-11-30,shop_6,lemon-boost,can,29952,330ml,15941.64
2025,2013-11-30,shop_4,kinder-cola,glass,12874,500ml,17013.18
2026,2013-11-30,shop_4,kinder-cola,plastic,8847,1.5lt,31205.03
2027,2013-11-30,shop_4,kinder-cola,can,14928,330ml,12995.62
2028,2013-11-30,shop_4,adult-cola,glass,24000,500ml,27587.18
2029,2013-11-30,shop_4,adult-cola,plastic,10375,1.5lt,32076.82
2030,2013-11-30,shop_4,adult-cola,can,22693,330ml,16464.48
2031,2013-11-30,shop_4,orange-power,glass,31627,500ml,26404.46
2032,2013-11-30,shop_4,orange-power,plastic,25013,1.5lt,34521.35
2033,2013-11-30,shop_4,orange-power,can,31318,330ml,16333.43
2034,2013-11-30,shop_4,gazoza,glass,51616,500ml,28825.73
2035,2013-11-30,shop_4,gazoza,plastic,29589,1.5lt,29162.49
2036,2013-11-30,shop_4,gazoza,can,40974,330ml,14344.27
2037,2013-11-30,shop_4,lemon-boost,glass,19581,500ml,20436.69
2038,2013-11-30,shop_4,lemon-boost,plastic,16743,1.5lt,29663.28
2039,2013-11-30,shop_4,lemon-boost,can,37586,330ml,11994.89
2040,2013-11-30,shop_3,kinder-cola,glass,10448,500ml,11531.18
2041,2013-11-30,shop_3,kinder-cola,plastic,4885,1.5lt,18282.03
2042,2013-11-30,shop_3,kinder-cola,can,5931,330ml,6023.11
2043,2013-11-30,shop_3,adult-cola,glass,21205,500ml,17677.8
2044,2013-11-30,shop_3,adult-cola,plastic,18518,1.5lt,24891.41
2045,2013-11-30,shop_3,adult-cola,can,23162,330ml,13348.0
2046,2013-11-30,shop_3,orange-power,glass,20722,500ml,16544.5
2047,2013-11-30,shop_3,orange-power,plastic,8028,1.5lt,19093.22
2048,2013-11-30,shop_3,orange-power,can,21696,330ml,10940.86
2049,2013-11-30,shop_3,gazoza,glass,40092,500ml,20520.22
2050,2013-11-30,shop_3,gazoza,plastic,13687,1.5lt,18649.86
2051,2013-11-30,shop_3,gazoza,can,47110,330ml,10838.52
2052,2013-11-30,shop_3,lemon-boost,glass,11487,500ml,10778.21
2053,2013-11-30,shop_3,lemon-boost,plastic,3301,1.5lt,10073.8
2054,2013-11-30,shop_3,lemon-boost,can,13597,330ml,8441.05
2070,2013-12-31,shop_1,kinder-cola,glass,16837,500ml,19036.0
2071,2013-12-31,shop_1,kinder-cola,plastic,14898,1.5lt,29736.02
2072,2013-12-31,shop_1,kinder-cola,can,12764,330ml,11520.6
2073,2013-12-31,shop_1,adult-cola,glass,27864,500ml,23640.27
2074,2013-12-31,shop_1,adult-cola,plastic,19180,1.5lt,37927.72
2075,2013-12-31,shop_1,adult-cola,can,22156,330ml,15738.16
2076,2013-12-31,shop_1,orange-power,glass,31073,500ml,24603.47
2077,2013-12-31,shop_1,orange-power,plastic,29952,1.5lt,28437.58
2078,2013-12-31,shop_1,orange-power,can,15008,330ml,9719.16
2079,2013-12-31,shop_1,gazoza,glass,33425,500ml,19406.06
2080,2013-12-31,shop_1,gazoza,plastic,23986,1.5lt,28074.96
2081,2013-12-31,shop_1,gazoza,can,43629,330ml,13021.74
2082,2013-12-31,shop_1,lemon-boost,glass,11968,500ml,12806.8
2083,2013-12-31,shop_1,lemon-boost,plastic,13040,1.5lt,26505.62
2084,2013-12-31,shop_1,lemon-boost,can,25445,330ml,12668.58
2085,2013-12-31,shop_2,kinder-cola,glass,12571,500ml,18811.79
2086,2013-12-31,shop_2,kinder-cola,plastic,10273,1.5lt,36172.23
2087,2013-12-31,shop_2,kinder-cola,can,21481,330ml,16482.95
2088,2013-12-31,shop_2,adult-cola,glass,25894,500ml,28461.82
2089,2013-12-31,shop_2,adult-cola,plastic,25897,1.5lt,50133.56
2090,2013-12-31,shop_2,adult-cola,can,41308,330ml,23465.21
2091,2013-12-31,shop_2,orange-power,glass,41986,500ml,29701.69
2092,2013-12-31,shop_2,orange-power,plastic,39213,1.5lt,43601.44
2093,2013-12-31,shop_2,orange-power,can,49804,330ml,20680.83
2094,2013-12-31,shop_2,gazoza,glass,33961,500ml,23721.43
2095,2013-12-31,shop_2,gazoza,plastic,32335,1.5lt,34774.01
2096,2013-12-31,shop_2,gazoza,can,57364,330ml,18680.49
2097,2013-12-31,shop_2,lemon-boost,glass,23000,500ml,20486.14
2098,2013-12-31,shop_2,lemon-boost,plastic,17328,1.5lt,34340.04
2099,2013-12-31,shop_2,lemon-boost,can,25378,330ml,16006.16
2100,2013-12-31,shop_6,kinder-cola,glass,19717,500ml,28164.91
2101,2013-12-31,shop_6,kinder-cola,plastic,17051,1.5lt,49602.72
2102,2013-12-31,shop_6,kinder-cola,can,31288,330ml,19060.93
2103,2013-12-31,shop_6,adult-cola,glass,38980,500ml,42983.37
2104,2013-12-31,shop_6,adult-cola,plastic,23821,1.5lt,65394.7
2105,2013-12-31,shop_6,adult-cola,can,38592,330ml,26306.13
2106,2013-12-31,shop_6,orange-power,glass,50600,500ml,38112.39
2107,2013-12-31,shop_6,orange-power,plastic,18219,1.5lt,44289.39
2108,2013-12-31,shop_6,orange-power,can,63844,330ml,27508.63
2109,2013-12-31,shop_6,gazoza,glass,50256,500ml,31341.43
2110,2013-12-31,shop_6,gazoza,plastic,43159,1.5lt,45401.0
2111,2013-12-31,shop_6,gazoza,can,57095,330ml,20561.38
2112,2013-12-31,shop_6,lemon-boost,glass,29138,500ml,26843.64
2113,2013-12-31,shop_6,lemon-boost,plastic,28827,1.5lt,44086.66
2114,2013-12-31,shop_6,lemon-boost,can,44046,330ml,22826.79
2115,2013-12-31,shop_4,kinder-cola,glass,17228,500ml,21691.57
2116,2013-12-31,shop_4,kinder-cola,plastic,9658,1.5lt,36189.76
2117,2013-12-31,shop_4,kinder-cola,can,28538,330ml,18268.26
2118,2013-12-31,shop_4,adult-cola,glass,26378,500ml,30880.39
2119,2013-12-31,shop_4,adult-cola,plastic,23605,1.5lt,37098.83
2120,2013-12-31,shop_4,adult-cola,can,32834,330ml,22471.68
2121,2013-12-31,shop_4,orange-power,glass,33696,500ml,29608.47
2122,2013-12-31,shop_4,orange-power,plastic,32343,1.5lt,44352.93
2123,2013-12-31,shop_4,orange-power,can,44919,330ml,22670.94
2124,2013-12-31,shop_4,gazoza,glass,28931,500ml,21455.95
2125,2013-12-31,shop_4,gazoza,plastic,35072,1.5lt,35843.76
2126,2013-12-31,shop_4,gazoza,can,97481,330ml,20743.63
2127,2013-12-31,shop_4,lemon-boost,glass,30495,500ml,25039.69
2128,2013-12-31,shop_4,lemon-boost,plastic,28488,1.5lt,45416.27
2129,2013-12-31,shop_4,lemon-boost,can,57908,330ml,15729.09
2130,2013-12-31,shop_3,kinder-cola,glass,6730,500ml,9784.98
2131,2013-12-31,shop_3,kinder-cola,plastic,7005,1.5lt,21448.94
2132,2013-12-31,shop_3,kinder-cola,can,15937,330ml,8584.67
2133,2013-12-31,shop_3,adult-cola,glass,12890,500ml,14213.83
2134,2013-12-31,shop_3,adult-cola,plastic,12924,1.5lt,27989.05
2135,2013-12-31,shop_3,adult-cola,can,13055,330ml,10739.1
2136,2013-12-31,shop_3,orange-power,glass,23168,500ml,20252.3
2137,2013-12-31,shop_3,orange-power,plastic,20278,1.5lt,36632.21
2138,2013-12-31,shop_3,orange-power,can,31701,330ml,13602.75
2139,2013-12-31,shop_3,gazoza,glass,47955,500ml,15837.83
2140,2013-12-31,shop_3,gazoza,plastic,13591,1.5lt,17852.6
2141,2013-12-31,shop_3,gazoza,can,16504,330ml,7080.98
2142,2013-12-31,shop_3,lemon-boost,glass,21270,500ml,16003.64
2143,2013-12-31,shop_3,lemon-boost,plastic,11899,1.5lt,23299.3
2144,2013-12-31,shop_3,lemon-boost,can,22268,330ml,8516.26
2160,2014-01-31,shop_1,kinder-cola,glass,11652,500ml,13382.58
2161,2014-01-31,shop_1,kinder-cola,plastic,9263,1.5lt,18048.14
2162,2014-01-31,shop_1,kinder-cola,can,10490,330ml,9213.59
2163,2014-01-31,shop_1,adult-cola,glass,17438,500ml,20078.15
2164,2014-01-31,shop_1,adult-cola,plastic,13676,1.5lt,32997.92
2165,2014-01-31,shop_1,adult-cola,can,9337,330ml,8274.6
2166,2014-01-31,shop_1,orange-power,glass,23189,500ml,20444.42
2167,2014-01-31,shop_1,orange-power,plastic,10528,1.5lt,22117.61
2168,2014-01-31,shop_1,orange-power,can,27516,330ml,14318.63
2169,2014-01-31,shop_1,gazoza,glass,32982,500ml,20705.8
2170,2014-01-31,shop_1,gazoza,plastic,24978,1.5lt,24239.04
2171,2014-01-31,shop_1,gazoza,can,45892,330ml,9425.67
2172,2014-01-31,shop_1,lemon-boost,glass,10410,500ml,11442.49
2173,2014-01-31,shop_1,lemon-boost,plastic,9489,1.5lt,22136.62
2174,2014-01-31,shop_1,lemon-boost,can,16946,330ml,10202.75
2175,2014-01-31,shop_2,kinder-cola,glass,14566,500ml,17327.92
2176,2014-01-31,shop_2,kinder-cola,plastic,9874,1.5lt,30523.02
2177,2014-01-31,shop_2,kinder-cola,can,22208,330ml,12138.27
2178,2014-01-31,shop_2,adult-cola,glass,25021,500ml,22215.57
2179,2014-01-31,shop_2,adult-cola,plastic,23642,1.5lt,36945.42
2180,2014-01-31,shop_2,adult-cola,can,23711,330ml,14455.39
2181,2014-01-31,shop_2,orange-power,glass,17820,500ml,17854.78
2182,2014-01-31,shop_2,orange-power,plastic,18071,1.5lt,33932.87
2183,2014-01-31,shop_2,orange-power,can,17827,330ml,11206.89
2184,2014-01-31,shop_2,gazoza,glass,46988,500ml,26497.98
2185,2014-01-31,shop_2,gazoza,plastic,32908,1.5lt,32129.19
2186,2014-01-31,shop_2,gazoza,can,46715,330ml,13278.16
2187,2014-01-31,shop_2,lemon-boost,glass,18242,500ml,17098.99
2188,2014-01-31,shop_2,lemon-boost,plastic,8420,1.5lt,22180.79
2189,2014-01-31,shop_2,lemon-boost,can,10756,330ml,8178.12
2190,2014-01-31,shop_6,kinder-cola,glass,16381,500ml,20076.28
2191,2014-01-31,shop_6,kinder-cola,plastic,15334,1.5lt,39249.86
2192,2014-01-31,shop_6,kinder-cola,can,18644,330ml,15455.35
2193,2014-01-31,shop_6,adult-cola,glass,21202,500ml,24928.01
2194,2014-01-31,shop_6,adult-cola,plastic,21519,1.5lt,44221.72
2195,2014-01-31,shop_6,adult-cola,can,40110,330ml,17427.9
2196,2014-01-31,shop_6,orange-power,glass,32838,500ml,24696.32
2197,2014-01-31,shop_6,orange-power,plastic,34628,1.5lt,52783.81
2198,2014-01-31,shop_6,orange-power,can,35998,330ml,20228.62
2199,2014-01-31,shop_6,gazoza,glass,31848,500ml,23670.72
2200,2014-01-31,shop_6,gazoza,plastic,27253,1.5lt,34932.61
2201,2014-01-31,shop_6,gazoza,can,42601,330ml,15463.39
2202,2014-01-31,shop_6,lemon-boost,glass,26646,500ml,24000.98
2203,2014-01-31,shop_6,lemon-boost,plastic,20439,1.5lt,34217.86
2204,2014-01-31,shop_6,lemon-boost,can,36708,330ml,15600.23
2205,2014-01-31,shop_4,kinder-cola,glass,14380,500ml,18191.98
2206,2014-01-31,shop_4,kinder-cola,plastic,11831,1.5lt,33006.42
2207,2014-01-31,shop_4,kinder-cola,can,14149,330ml,12549.45
2208,2014-01-31,shop_4,adult-cola,glass,11582,500ml,16628.63
2209,2014-01-31,shop_4,adult-cola,plastic,20050,1.5lt,43123.6
2210,2014-01-31,shop_4,adult-cola,can,29614,330ml,15569.2
2211,2014-01-31,shop_4,orange-power,glass,35690,500ml,29226.95
2212,2014-01-31,shop_4,orange-power,plastic,20592,1.5lt,33932.09
2213,2014-01-31,shop_4,orange-power,can,26969,330ml,15018.51
2214,2014-01-31,shop_4,gazoza,glass,52247,500ml,24493.0
2215,2014-01-31,shop_4,gazoza,plastic,35076,1.5lt,34039.66
2216,2014-01-31,shop_4,gazoza,can,47981,330ml,14447.96
2217,2014-01-31,shop_4,lemon-boost,glass,28877,500ml,24046.39
2218,2014-01-31,shop_4,lemon-boost,plastic,8052,1.5lt,22247.24
2219,2014-01-31,shop_4,lemon-boost,can,24057,330ml,12969.3
2220,2014-01-31,shop_3,kinder-cola,glass,10743,500ml,11027.37
2221,2014-01-31,shop_3,kinder-cola,plastic,6772,1.5lt,19461.41
2222,2014-01-31,shop_3,kinder-cola,can,7568,330ml,6203.9
2223,2014-01-31,shop_3,adult-cola,glass,10544,500ml,13537.83
2224,2014-01-31,shop_3,adult-cola,plastic,9820,1.5lt,24993.39
2225,2014-01-31,shop_3,adult-cola,can,24634,330ml,7702.8
2226,2014-01-31,shop_3,orange-power,glass,18059,500ml,15269.32
2227,2014-01-31,shop_3,orange-power,plastic,14762,1.5lt,20276.91
2228,2014-01-31,shop_3,orange-power,can,19806,330ml,9868.06
2229,2014-01-31,shop_3,gazoza,glass,20172,500ml,12874.87
2230,2014-01-31,shop_3,gazoza,plastic,17321,1.5lt,18317.33
2231,2014-01-31,shop_3,gazoza,can,33934,330ml,7035.45
2232,2014-01-31,shop_3,lemon-boost,glass,9782,500ml,10907.91
2233,2014-01-31,shop_3,lemon-boost,plastic,10462,1.5lt,18400.87
2234,2014-01-31,shop_3,lemon-boost,can,18255,330ml,8153.2
2250,2014-02-28,shop_1,kinder-cola,glass,5223,500ml,8449.32
2251,2014-02-28,shop_1,kinder-cola,plastic,6808,1.5lt,21402.16
2252,2014-02-28,shop_1,kinder-cola,can,8318,330ml,7276.05
2253,2014-02-28,shop_1,adult-cola,glass,20658,500ml,12336.7
2254,2014-02-28,shop_1,adult-cola,plastic,3642,1.5lt,14526.89
2255,2014-02-28,shop_1,adult-cola,can,11807,330ml,10159.5
2256,2014-02-28,shop_1,orange-power,glass,24763,500ml,16957.49
2257,2014-02-28,shop_1,orange-power,plastic,18203,1.5lt,23501.55
2258,2014-02-28,shop_1,orange-power,can,25177,330ml,11476.58
2259,2014-02-28,shop_1,gazoza,glass,20855,500ml,12784.93
2260,2014-02-28,shop_1,gazoza,plastic,15869,1.5lt,13147.07
2261,2014-02-28,shop_1,gazoza,can,27518,330ml,9371.06
2262,2014-02-28,shop_1,lemon-boost,glass,15738,500ml,12789.22
2263,2014-02-28,shop_1,lemon-boost,plastic,11451,1.5lt,16280.87
2264,2014-02-28,shop_1,lemon-boost,can,16678,330ml,9794.79
2265,2014-02-28,shop_2,kinder-cola,glass,9863,500ml,13372.78
2266,2014-02-28,shop_2,kinder-cola,plastic,7411,1.5lt,23570.61
2267,2014-02-28,shop_2,kinder-cola,can,10374,330ml,7625.82
2268,2014-02-28,shop_2,adult-cola,glass,8148,500ml,11745.55
2269,2014-02-28,shop_2,adult-cola,plastic,7753,1.5lt,22050.25
2270,2014-02-28,shop_2,adult-cola,can,22115,330ml,13238.01
2271,2014-02-28,shop_2,orange-power,glass,21738,500ml,13424.03
2272,2014-02-28,shop_2,orange-power,plastic,11810,1.5lt,25772.45
2273,2014-02-28,shop_2,orange-power,can,38949,330ml,15609.25
2274,2014-02-28,shop_2,gazoza,glass,24798,500ml,16038.94
2275,2014-02-28,shop_2,gazoza,plastic,20132,1.5lt,24340.8
2276,2014-02-28,shop_2,gazoza,can,20701,330ml,8402.53
2277,2014-02-28,shop_2,lemon-boost,glass,9180,500ml,10680.55
2278,2014-02-28,shop_2,lemon-boost,plastic,8748,1.5lt,18793.97
2279,2014-02-28,shop_2,lemon-boost,can,22047,330ml,10687.51
2280,2014-02-28,shop_6,kinder-cola,glass,17680,500ml,20798.29
2281,2014-02-28,shop_6,kinder-cola,plastic,10858,1.5lt,31710.33
2282,2014-02-28,shop_6,kinder-cola,can,11949,330ml,10141.17
2283,2014-02-28,shop_6,adult-cola,glass,14687,500ml,19520.52
2284,2014-02-28,shop_6,adult-cola,plastic,12416,1.5lt,35778.9
2285,2014-02-28,shop_6,adult-cola,can,20086,330ml,16165.76
2286,2014-02-28,shop_6,orange-power,glass,35502,500ml,28675.84
2287,2014-02-28,shop_6,orange-power,plastic,20495,1.5lt,40502.21
2288,2014-02-28,shop_6,orange-power,can,33219,330ml,16535.92
2289,2014-02-28,shop_6,gazoza,glass,15292,500ml,12789.66
2290,2014-02-28,shop_6,gazoza,plastic,24461,1.5lt,27291.15
2291,2014-02-28,shop_6,gazoza,can,59681,330ml,17342.19
2292,2014-02-28,shop_6,lemon-boost,glass,23405,500ml,21224.22
2293,2014-02-28,shop_6,lemon-boost,plastic,17704,1.5lt,29274.31
2294,2014-02-28,shop_6,lemon-boost,can,15630,330ml,10444.96
2295,2014-02-28,shop_4,kinder-cola,glass,11715,500ml,13931.16
2296,2014-02-28,shop_4,kinder-cola,plastic,11294,1.5lt,22586.63
2297,2014-02-28,shop_4,kinder-cola,can,20178,330ml,7440.49
2298,2014-02-28,shop_4,adult-cola,glass,14894,500ml,16213.05
2299,2014-02-28,shop_4,adult-cola,plastic,19433,1.5lt,31317.11
2300,2014-02-28,shop_4,adult-cola,can,21487,330ml,14417.1
2301,2014-02-28,shop_4,orange-power,glass,22967,500ml,20588.33
2302,2014-02-28,shop_4,orange-power,plastic,21645,1.5lt,34607.95
2303,2014-02-28,shop_4,orange-power,can,31764,330ml,13375.89
2304,2014-02-28,shop_4,gazoza,glass,28573,500ml,17607.87
2305,2014-02-28,shop_4,gazoza,plastic,9974,1.5lt,15683.61
2306,2014-02-28,shop_4,gazoza,can,32507,330ml,11393.39
2307,2014-02-28,shop_4,lemon-boost,glass,21246,500ml,18620.44
2308,2014-02-28,shop_4,lemon-boost,plastic,11007,1.5lt,23033.28
2309,2014-02-28,shop_4,lemon-boost,can,26228,330ml,11429.54
2310,2014-02-28,shop_3,kinder-cola,glass,6886,500ml,9216.99
2311,2014-02-28,shop_3,kinder-cola,plastic,6314,1.5lt,11349.57
2312,2014-02-28,shop_3,kinder-cola,can,10363,330ml,6378.28
2313,2014-02-28,shop_3,adult-cola,glass,10700,500ml,11077.92
2314,2014-02-28,shop_3,adult-cola,plastic,9282,1.5lt,26139.71
2315,2014-02-28,shop_3,adult-cola,can,7868,330ml,6920.11
2316,2014-02-28,shop_3,orange-power,glass,24064,500ml,13702.33
2317,2014-02-28,shop_3,orange-power,plastic,8651,1.5lt,17868.46
2318,2014-02-28,shop_3,orange-power,can,17448,330ml,8260.9
2319,2014-02-28,shop_3,gazoza,glass,11718,500ml,8574.68
2320,2014-02-28,shop_3,gazoza,plastic,22550,1.5lt,11689.78
2321,2014-02-28,shop_3,gazoza,can,28905,330ml,7711.51
2322,2014-02-28,shop_3,lemon-boost,glass,6070,500ml,6825.62
2323,2014-02-28,shop_3,lemon-boost,plastic,9649,1.5lt,14789.68
2324,2014-02-28,shop_3,lemon-boost,can,12224,330ml,6394.45
2340,2014-03-31,shop_1,kinder-cola,glass,12211,500ml,17039.61
2341,2014-03-31,shop_1,kinder-cola,plastic,14098,1.5lt,31240.91
2342,2014-03-31,shop_1,kinder-cola,can,12079,330ml,9891.65
2343,2014-03-31,shop_1,adult-cola,glass,13701,500ml,19035.46
2344,2014-03-31,shop_1,adult-cola,plastic,12920,1.5lt,39276.32
2345,2014-03-31,shop_1,adult-cola,can,9855,330ml,9249.12
2346,2014-03-31,shop_1,orange-power,glass,24419,500ml,23045.59
2347,2014-03-31,shop_1,orange-power,plastic,32241,1.5lt,40897.81
2348,2014-03-31,shop_1,orange-power,can,21912,330ml,13488.66
2349,2014-03-31,shop_1,gazoza,glass,40042,500ml,23961.13
2350,2014-03-31,shop_1,gazoza,plastic,17984,1.5lt,25200.13
2351,2014-03-31,shop_1,gazoza,can,36672,330ml,13272.57
2352,2014-03-31,shop_1,lemon-boost,glass,20617,500ml,17352.91
2353,2014-03-31,shop_1,lemon-boost,plastic,12854,1.5lt,27888.5
2354,2014-03-31,shop_1,lemon-boost,can,29146,330ml,11772.01
2355,2014-03-31,shop_2,kinder-cola,glass,14928,500ml,17765.67
2356,2014-03-31,shop_2,kinder-cola,plastic,9418,1.5lt,31566.27
2357,2014-03-31,shop_2,kinder-cola,can,19204,330ml,13764.87
2358,2014-03-31,shop_2,adult-cola,glass,20694,500ml,24039.43
2359,2014-03-31,shop_2,adult-cola,plastic,11707,1.5lt,38471.24
2360,2014-03-31,shop_2,adult-cola,can,22207,330ml,15520.59
2361,2014-03-31,shop_2,orange-power,glass,16214,500ml,18257.24
2362,2014-03-31,shop_2,orange-power,plastic,26724,1.5lt,43220.21
2363,2014-03-31,shop_2,orange-power,can,38439,330ml,19890.87
2364,2014-03-31,shop_2,gazoza,glass,51291,500ml,29741.57
2365,2014-03-31,shop_2,gazoza,plastic,28767,1.5lt,30647.38
2366,2014-03-31,shop_2,gazoza,can,49296,330ml,16957.39
2367,2014-03-31,shop_2,lemon-boost,glass,18912,500ml,19112.12
2368,2014-03-31,shop_2,lemon-boost,plastic,14532,1.5lt,31670.77
2369,2014-03-31,shop_2,lemon-boost,can,27189,330ml,14397.93
2370,2014-03-31,shop_6,kinder-cola,glass,25279,500ml,26556.83
2371,2014-03-31,shop_6,kinder-cola,plastic,11542,1.5lt,40080.82
2372,2014-03-31,shop_6,kinder-cola,can,21370,330ml,16928.67
2373,2014-03-31,shop_6,adult-cola,glass,45761,500ml,44712.95
2374,2014-03-31,shop_6,adult-cola,plastic,24915,1.5lt,56953.16
2375,2014-03-31,shop_6,adult-cola,can,33110,330ml,24785.16
2376,2014-03-31,shop_6,orange-power,glass,32404,500ml,29998.42
2377,2014-03-31,shop_6,orange-power,plastic,33444,1.5lt,59255.34
2378,2014-03-31,shop_6,orange-power,can,62499,330ml,26580.81
2379,2014-03-31,shop_6,gazoza,glass,39194,500ml,27801.5
2380,2014-03-31,shop_6,gazoza,plastic,26537,1.5lt,35917.28
2381,2014-03-31,shop_6,gazoza,can,77279,330ml,22844.2
2382,2014-03-31,shop_6,lemon-boost,glass,32726,500ml,28255.38
2383,2014-03-31,shop_6,lemon-boost,plastic,20322,1.5lt,43959.91
2384,2014-03-31,shop_6,lemon-boost,can,37170,330ml,18683.11
2385,2014-03-31,shop_4,kinder-cola,glass,21371,500ml,21776.56
2386,2014-03-31,shop_4,kinder-cola,plastic,10165,1.5lt,33854.17
2387,2014-03-31,shop_4,kinder-cola,can,24394,330ml,13379.37
2388,2014-03-31,shop_4,adult-cola,glass,30492,500ml,32564.16
2389,2014-03-31,shop_4,adult-cola,plastic,23429,1.5lt,59163.65
2390,2014-03-31,shop_4,adult-cola,can,39756,330ml,18003.38
2391,2014-03-31,shop_4,orange-power,glass,46443,500ml,38040.97
2392,2014-03-31,shop_4,orange-power,plastic,33993,1.5lt,40158.8
2393,2014-03-31,shop_4,orange-power,can,24311,330ml,15065.08
2394,2014-03-31,shop_4,gazoza,glass,41815,500ml,28140.31
2395,2014-03-31,shop_4,gazoza,plastic,28285,1.5lt,34588.19
2396,2014-03-31,shop_4,gazoza,can,39179,330ml,15239.05
2397,2014-03-31,shop_4,lemon-boost,glass,25819,500ml,25239.1
2398,2014-03-31,shop_4,lemon-boost,plastic,23251,1.5lt,34604.42
2399,2014-03-31,shop_4,lemon-boost,can,23262,330ml,12684.53
2400,2014-03-31,shop_3,kinder-cola,glass,7823,500ml,11850.51
2401,2014-03-31,shop_3,kinder-cola,plastic,6720,1.5lt,21471.59
2402,2014-03-31,shop_3,kinder-cola,can,14129,330ml,9026.85
2403,2014-03-31,shop_3,adult-cola,glass,16772,500ml,18105.96
2404,2014-03-31,shop_3,adult-cola,plastic,9254,1.5lt,27186.47
2405,2014-03-31,shop_3,adult-cola,can,17403,330ml,11988.16
2406,2014-03-31,shop_3,orange-power,glass,33689,500ml,19843.03
2407,2014-03-31,shop_3,orange-power,plastic,19825,1.5lt,30219.58
2408,2014-03-31,shop_3,orange-power,can,27474,330ml,11965.2
2409,2014-03-31,shop_3,gazoza,glass,21460,500ml,15016.78
2410,2014-03-31,shop_3,gazoza,plastic,26887,1.5lt,20204.07
2411,2014-03-31,shop_3,gazoza,can,35288,330ml,11463.56
2412,2014-03-31,shop_3,lemon-boost,glass,14091,500ml,14066.96
2413,2014-03-31,shop_3,lemon-boost,plastic,8582,1.5lt,20639.18
2414,2014-03-31,shop_3,lemon-boost,can,15887,330ml,9194.45
2430,2014-04-30,shop_1,kinder-cola,glass,14543,500ml,17729.29
2431,2014-04-30,shop_1,kinder-cola,plastic,12025,1.5lt,36090.61
2432,2014-04-30,shop_1,kinder-cola,can,16275,330ml,12332.69
2433,2014-04-30,shop_1,adult-cola,glass,17171,500ml,22952.62
2434,2014-04-30,shop_1,adult-cola,plastic,14858,1.5lt,42233.25
2435,2014-04-30,shop_1,adult-cola,can,20350,330ml,15983.68
2436,2014-04-30,shop_1,orange-power,glass,36521,500ml,31146.23
2437,2014-04-30,shop_1,orange-power,plastic,19785,1.5lt,38388.86
2438,2014-04-30,shop_1,orange-power,can,36740,330ml,19402.62
2439,2014-04-30,shop_1,gazoza,glass,51178,500ml,27380.98
2440,2014-04-30,shop_1,gazoza,plastic,41616,1.5lt,31618.12
2441,2014-04-30,shop_1,gazoza,can,50015,330ml,15168.54
2442,2014-04-30,shop_1,lemon-boost,glass,17073,500ml,17621.71
2443,2014-04-30,shop_1,lemon-boost,plastic,10607,1.5lt,24966.66
2444,2014-04-30,shop_1,lemon-boost,can,34192,330ml,16023.0
2445,2014-04-30,shop_2,kinder-cola,glass,17400,500ml,21931.42
2446,2014-04-30,shop_2,kinder-cola,plastic,20481,1.5lt,36213.26
2447,2014-04-30,shop_2,kinder-cola,can,20412,330ml,15512.81
2448,2014-04-30,shop_2,adult-cola,glass,17616,500ml,24947.94
2449,2014-04-30,shop_2,adult-cola,plastic,14269,1.5lt,44091.17
2450,2014-04-30,shop_2,adult-cola,can,36454,330ml,24399.85
2451,2014-04-30,shop_2,orange-power,glass,50251,500ml,35769.19
2452,2014-04-30,shop_2,orange-power,plastic,30972,1.5lt,43740.04
2453,2014-04-30,shop_2,orange-power,can,59126,330ml,24094.61
2454,2014-04-30,shop_2,gazoza,glass,52376,500ml,29179.33
2455,2014-04-30,shop_2,gazoza,plastic,32524,1.5lt,36133.53
2456,2014-04-30,shop_2,gazoza,can,61670,330ml,20253.21
2457,2014-04-30,shop_2,lemon-boost,glass,25752,500ml,25525.02
2458,2014-04-30,shop_2,lemon-boost,plastic,21891,1.5lt,42039.48
2459,2014-04-30,shop_2,lemon-boost,can,35552,330ml,13891.11
2460,2014-04-30,shop_6,kinder-cola,glass,21238,500ml,29462.83
2461,2014-04-30,shop_6,kinder-cola,plastic,20061,1.5lt,57572.09
2462,2014-04-30,shop_6,kinder-cola,can,21972,330ml,19660.86
2463,2014-04-30,shop_6,adult-cola,glass,40907,500ml,42346.44
2464,2014-04-30,shop_6,adult-cola,plastic,38307,1.5lt,69206.65
2465,2014-04-30,shop_6,adult-cola,can,48125,330ml,33173.14
2466,2014-04-30,shop_6,orange-power,glass,53872,500ml,44136.66
2467,2014-04-30,shop_6,orange-power,plastic,56478,1.5lt,63516.99
2468,2014-04-30,shop_6,orange-power,can,65111,330ml,30275.18
2469,2014-04-30,shop_6,gazoza,glass,83920,500ml,48220.03
2470,2014-04-30,shop_6,gazoza,plastic,51999,1.5lt,53761.19
2471,2014-04-30,shop_6,gazoza,can,56288,330ml,20827.42
2472,2014-04-30,shop_6,lemon-boost,glass,35844,500ml,32709.88
2473,2014-04-30,shop_6,lemon-boost,plastic,17905,1.5lt,47666.13
2474,2014-04-30,shop_6,lemon-boost,can,32078,330ml,19672.6
2475,2014-04-30,shop_4,kinder-cola,glass,27214,500ml,18400.49
2476,2014-04-30,shop_4,kinder-cola,plastic,10383,1.5lt,40598.48
2477,2014-04-30,shop_4,kinder-cola,can,16792,330ml,14939.15
2478,2014-04-30,shop_4,adult-cola,glass,32960,500ml,39459.8
2479,2014-04-30,shop_4,adult-cola,plastic,30985,1.5lt,58400.39
2480,2014-04-30,shop_4,adult-cola,can,50206,330ml,26022.02
2481,2014-04-30,shop_4,orange-power,glass,49398,500ml,38757.45
2482,2014-04-30,shop_4,orange-power,plastic,23306,1.5lt,48326.94
2483,2014-04-30,shop_4,orange-power,can,72019,330ml,22263.55
2484,2014-04-30,shop_4,gazoza,glass,88642,500ml,41873.92
2485,2014-04-30,shop_4,gazoza,plastic,21725,1.5lt,30041.29
2486,2014-04-30,shop_4,gazoza,can,69570,330ml,20978.71
2487,2014-04-30,shop_4,lemon-boost,glass,28377,500ml,25047.73
2488,2014-04-30,shop_4,lemon-boost,plastic,22026,1.5lt,42062.33
2489,2014-04-30,shop_4,lemon-boost,can,41881,330ml,21209.74
2490,2014-04-30,shop_3,kinder-cola,glass,6884,500ml,11258.41
2491,2014-04-30,shop_3,kinder-cola,plastic,7835,1.5lt,26390.1
2492,2014-04-30,shop_3,kinder-cola,can,10301,330ml,10683.39
2493,2014-04-30,shop_3,adult-cola,glass,18725,500ml,19725.78
2494,2014-04-30,shop_3,adult-cola,plastic,17887,1.5lt,32407.77
2495,2014-04-30,shop_3,adult-cola,can,25046,330ml,15690.3
2496,2014-04-30,shop_3,orange-power,glass,36409,500ml,23840.1
2497,2014-04-30,shop_3,orange-power,plastic,18627,1.5lt,33735.08
2498,2014-04-30,shop_3,orange-power,can,34732,330ml,15158.74
2499,2014-04-30,shop_3,gazoza,glass,30117,500ml,19202.45
2500,2014-04-30,shop_3,gazoza,plastic,26574,1.5lt,24082.82
2501,2014-04-30,shop_3,gazoza,can,17538,330ml,7744.37
2502,2014-04-30,shop_3,lemon-boost,glass,21972,500ml,19093.3
2503,2014-04-30,shop_3,lemon-boost,plastic,15067,1.5lt,30708.01
2504,2014-04-30,shop_3,lemon-boost,can,8387,330ml,6318.6
2520,2014-05-31,shop_1,kinder-cola,glass,11110,500ml,17652.56
2521,2014-05-31,shop_1,kinder-cola,plastic,13033,1.5lt,41406.38
2522,2014-05-31,shop_1,kinder-cola,can,22607,330ml,16057.95
2523,2014-05-31,shop_1,adult-cola,glass,38961,500ml,32268.14
2524,2014-05-31,shop_1,adult-cola,plastic,16574,1.5lt,41075.52
2525,2014-05-31,shop_1,adult-cola,can,29253,330ml,20618.44
2526,2014-05-31,shop_1,orange-power,glass,51724,500ml,38461.69
2527,2014-05-31,shop_1,orange-power,plastic,23221,1.5lt,44240.02
2528,2014-05-31,shop_1,orange-power,can,41727,330ml,20267.93
2529,2014-05-31,shop_1,gazoza,glass,54015,500ml,30342.85
2530,2014-05-31,shop_1,gazoza,plastic,31875,1.5lt,34835.74
2531,2014-05-31,shop_1,gazoza,can,58718,330ml,18152.96
2532,2014-05-31,shop_1,lemon-boost,glass,18628,500ml,18175.27
2533,2014-05-31,shop_1,lemon-boost,plastic,19306,1.5lt,34746.28
2534,2014-05-31,shop_1,lemon-boost,can,56011,330ml,16468.08
2535,2014-05-31,shop_2,kinder-cola,glass,19242,500ml,24584.62
2536,2014-05-31,shop_2,kinder-cola,plastic,16453,1.5lt,47326.1
2537,2014-05-31,shop_2,kinder-cola,can,15235,330ml,15096.08
2538,2014-05-31,shop_2,adult-cola,glass,21131,500ml,28068.92
2539,2014-05-31,shop_2,adult-cola,plastic,29840,1.5lt,66293.55
2540,2014-05-31,shop_2,adult-cola,can,31297,330ml,23473.73
2541,2014-05-31,shop_2,orange-power,glass,21986,500ml,24363.86
2542,2014-05-31,shop_2,orange-power,plastic,28200,1.5lt,54605.3
2543,2014-05-31,shop_2,orange-power,can,69898,330ml,27877.67
2544,2014-05-31,shop_2,gazoza,glass,46489,500ml,30124.06
2545,2014-05-31,shop_2,gazoza,plastic,39919,1.5lt,46388.57
2546,2014-05-31,shop_2,gazoza,can,56362,330ml,19399.88
2547,2014-05-31,shop_2,lemon-boost,glass,28722,500ml,25896.36
2548,2014-05-31,shop_2,lemon-boost,plastic,29844,1.5lt,41391.79
2549,2014-05-31,shop_2,lemon-boost,can,35612,330ml,19061.55
2550,2014-05-31,shop_6,kinder-cola,glass,39613,500ml,38876.43
2551,2014-05-31,shop_6,kinder-cola,plastic,32190,1.5lt,52240.58
2552,2014-05-31,shop_6,kinder-cola,can,24838,330ml,21721.05
2553,2014-05-31,shop_6,adult-cola,glass,36819,500ml,45897.22
2554,2014-05-31,shop_6,adult-cola,plastic,31757,1.5lt,80279.03
2555,2014-05-31,shop_6,adult-cola,can,55118,330ml,35737.79
2556,2014-05-31,shop_6,orange-power,glass,56014,500ml,49522.21
2557,2014-05-31,shop_6,orange-power,plastic,39595,1.5lt,75683.32
2558,2014-05-31,shop_6,orange-power,can,91396,330ml,36748.15
2559,2014-05-31,shop_6,gazoza,glass,75547,500ml,44889.72
2560,2014-05-31,shop_6,gazoza,plastic,53978,1.5lt,57665.39
2561,2014-05-31,shop_6,gazoza,can,122389,330ml,31380.36
2562,2014-05-31,shop_6,lemon-boost,glass,39375,500ml,36553.36
2563,2014-05-31,shop_6,lemon-boost,plastic,31732,1.5lt,59481.15
2564,2014-05-31,shop_6,lemon-boost,can,42400,330ml,25280.69
2565,2014-05-31,shop_4,kinder-cola,glass,19954,500ml,28844.61
2566,2014-05-31,shop_4,kinder-cola,plastic,15047,1.5lt,44063.77
2567,2014-05-31,shop_4,kinder-cola,can,22378,330ml,19667.8
2568,2014-05-31,shop_4,adult-cola,glass,40198,500ml,42920.58
2569,2014-05-31,shop_4,adult-cola,plastic,26950,1.5lt,69601.65
2570,2014-05-31,shop_4,adult-cola,can,55819,330ml,26518.69
2571,2014-05-31,shop_4,orange-power,glass,41086,500ml,37274.73
2572,2014-05-31,shop_4,orange-power,plastic,46313,1.5lt,68915.19
2573,2014-05-31,shop_4,orange-power,can,76009,330ml,29911.99
2574,2014-05-31,shop_4,gazoza,glass,75301,500ml,37507.04
2575,2014-05-31,shop_4,gazoza,plastic,42852,1.5lt,46599.77
2576,2014-05-31,shop_4,gazoza,can,100448,330ml,23686.29
2577,2014-05-31,shop_4,lemon-boost,glass,30488,500ml,29748.67
2578,2014-05-31,shop_4,lemon-boost,plastic,19840,1.5lt,47000.74
2579,2014-05-31,shop_4,lemon-boost,can,64285,330ml,22423.02
2580,2014-05-31,shop_3,kinder-cola,glass,14449,500ml,15904.84
2581,2014-05-31,shop_3,kinder-cola,plastic,12861,1.5lt,33094.35
2582,2014-05-31,shop_3,kinder-cola,can,23512,330ml,9381.56
2583,2014-05-31,shop_3,adult-cola,glass,24909,500ml,25710.78
2584,2014-05-31,shop_3,adult-cola,plastic,15021,1.5lt,40905.63
2585,2014-05-31,shop_3,adult-cola,can,24662,330ml,17881.97
2586,2014-05-31,shop_3,orange-power,glass,13765,500ml,15324.39
2587,2014-05-31,shop_3,orange-power,plastic,23792,1.5lt,33919.77
2588,2014-05-31,shop_3,orange-power,can,17555,330ml,11202.73
2589,2014-05-31,shop_3,gazoza,glass,33563,500ml,21782.99
2590,2014-05-31,shop_3,gazoza,plastic,25512,1.5lt,29512.62
2591,2014-05-31,shop_3,gazoza,can,62328,330ml,14535.1
2592,2014-05-31,shop_3,lemon-boost,glass,27136,500ml,16580.85
2593,2014-05-31,shop_3,lemon-boost,plastic,15475,1.5lt,33897.18
2594,2014-05-31,shop_3,lemon-boost,can,18735,330ml,10503.65
2610,2014-06-30,shop_1,kinder-cola,glass,19705,500ml,24158.44
2611,2014-06-30,shop_1,kinder-cola,plastic,13271,1.5lt,41596.37
2612,2014-06-30,shop_1,kinder-cola,can,25663,330ml,15726.87
2613,2014-06-30,shop_1,adult-cola,glass,38963,500ml,31337.46
2614,2014-06-30,shop_1,adult-cola,plastic,10305,1.5lt,37841.38
2615,2014-06-30,shop_1,adult-cola,can,31013,330ml,22547.0
2616,2014-06-30,shop_1,orange-power,glass,56308,500ml,35833.13
2617,2014-06-30,shop_1,orange-power,plastic,31677,1.5lt,48541.56
2618,2014-06-30,shop_1,orange-power,can,47410,330ml,23202.11
2619,2014-06-30,shop_1,gazoza,glass,44511,500ml,29512.69
2620,2014-06-30,shop_1,gazoza,plastic,49641,1.5lt,42028.7
2621,2014-06-30,shop_1,gazoza,can,46366,330ml,17924.66
2622,2014-06-30,shop_1,lemon-boost,glass,36834,500ml,25110.51
2623,2014-06-30,shop_1,lemon-boost,plastic,19194,1.5lt,38903.11
2624,2014-06-30,shop_1,lemon-boost,can,24498,330ml,15320.55
2625,2014-06-30,shop_2,kinder-cola,glass,29657,500ml,31586.0
2626,2014-06-30,shop_2,kinder-cola,plastic,17623,1.5lt,47761.76
2627,2014-06-30,shop_2,kinder-cola,can,29777,330ml,23462.83
2628,2014-06-30,shop_2,adult-cola,glass,25683,500ml,35449.94
2629,2014-06-30,shop_2,adult-cola,plastic,28117,1.5lt,66489.9
2630,2014-06-30,shop_2,adult-cola,can,49510,330ml,30057.03
2631,2014-06-30,shop_2,orange-power,glass,42444,500ml,39932.76
2632,2014-06-30,shop_2,orange-power,plastic,46865,1.5lt,67028.17
2633,2014-06-30,shop_2,orange-power,can,66906,330ml,27341.69
2634,2014-06-30,shop_2,gazoza,glass,63052,500ml,38870.1
2635,2014-06-30,shop_2,gazoza,plastic,44231,1.5lt,44009.74
2636,2014-06-30,shop_2,gazoza,can,74892,330ml,24802.06
2637,2014-06-30,shop_2,lemon-boost,glass,27470,500ml,29458.09
2638,2014-06-30,shop_2,lemon-boost,plastic,28678,1.5lt,55294.19
2639,2014-06-30,shop_2,lemon-boost,can,46575,330ml,22455.9
2640,2014-06-30,shop_6,kinder-cola,glass,28363,500ml,40333.2
2641,2014-06-30,shop_6,kinder-cola,plastic,21146,1.5lt,65817.03
2642,2014-06-30,shop_6,kinder-cola,can,44692,330ml,31464.25
2643,2014-06-30,shop_6,adult-cola,glass,53044,500ml,46921.26
2644,2014-06-30,shop_6,adult-cola,plastic,26285,1.5lt,82412.48
2645,2014-06-30,shop_6,adult-cola,can,52051,330ml,35805.67
2646,2014-06-30,shop_6,orange-power,glass,54294,500ml,51119.52
2647,2014-06-30,shop_6,orange-power,plastic,57551,1.5lt,82001.22
2648,2014-06-30,shop_6,orange-power,can,77077,330ml,36197.93
2649,2014-06-30,shop_6,gazoza,glass,95274,500ml,59859.68
2650,2014-06-30,shop_6,gazoza,plastic,61910,1.5lt,61475.96
2651,2014-06-30,shop_6,gazoza,can,73866,330ml,28113.01
2652,2014-06-30,shop_6,lemon-boost,glass,37660,500ml,40333.98
2653,2014-06-30,shop_6,lemon-boost,plastic,29584,1.5lt,57304.31
2654,2014-06-30,shop_6,lemon-boost,can,54287,330ml,29125.06
2655,2014-06-30,shop_4,kinder-cola,glass,28129,500ml,31435.33
2656,2014-06-30,shop_4,kinder-cola,plastic,21546,1.5lt,58292.4
2657,2014-06-30,shop_4,kinder-cola,can,24381,330ml,20478.79
2658,2014-06-30,shop_4,adult-cola,glass,38660,500ml,41986.89
2659,2014-06-30,shop_4,adult-cola,plastic,23214,1.5lt,71468.41
2660,2014-06-30,shop_4,adult-cola,can,76785,330ml,31804.2
2661,2014-06-30,shop_4,orange-power,glass,58271,500ml,44201.08
2662,2014-06-30,shop_4,orange-power,plastic,32978,1.5lt,67895.02
2663,2014-06-30,shop_4,orange-power,can,39003,330ml,23493.58
2664,2014-06-30,shop_4,gazoza,glass,85715,500ml,43649.55
2665,2014-06-30,shop_4,gazoza,plastic,66774,1.5lt,39042.34
2666,2014-06-30,shop_4,gazoza,can,82370,330ml,27263.74
2667,2014-06-30,shop_4,lemon-boost,glass,19246,500ml,23266.64
2668,2014-06-30,shop_4,lemon-boost,plastic,41304,1.5lt,48271.38
2669,2014-06-30,shop_4,lemon-boost,can,49415,330ml,21927.94
2670,2014-06-30,shop_3,kinder-cola,glass,20598,500ml,22220.51
2671,2014-06-30,shop_3,kinder-cola,plastic,13503,1.5lt,29721.14
2672,2014-06-30,shop_3,kinder-cola,can,17707,330ml,15091.21
2673,2014-06-30,shop_3,adult-cola,glass,17515,500ml,22040.5
2674,2014-06-30,shop_3,adult-cola,plastic,36735,1.5lt,34669.1
2675,2014-06-30,shop_3,adult-cola,can,37225,330ml,20705.56
2676,2014-06-30,shop_3,orange-power,glass,35027,500ml,30009.39
2677,2014-06-30,shop_3,orange-power,plastic,30899,1.5lt,43472.87
2678,2014-06-30,shop_3,orange-power,can,32750,330ml,17395.66
2679,2014-06-30,shop_3,gazoza,glass,73781,500ml,29006.66
2680,2014-06-30,shop_3,gazoza,plastic,27638,1.5lt,31159.44
2681,2014-06-30,shop_3,gazoza,can,52898,330ml,17058.22
2682,2014-06-30,shop_3,lemon-boost,glass,23905,500ml,21329.02
2683,2014-06-30,shop_3,lemon-boost,plastic,15019,1.5lt,27271.82
2684,2014-06-30,shop_3,lemon-boost,can,37614,330ml,16916.77
2700,2014-07-31,shop_1,kinder-cola,glass,22839,500ml,26854.34
2701,2014-07-31,shop_1,kinder-cola,plastic,13033,1.5lt,46110.34
2702,2014-07-31,shop_1,kinder-cola,can,37056,330ml,19991.89
2703,2014-07-31,shop_1,adult-cola,glass,21410,500ml,27345.34
2704,2014-07-31,shop_1,adult-cola,plastic,27797,1.5lt,57300.89
2705,2014-07-31,shop_1,adult-cola,can,47558,330ml,29452.12
2706,2014-07-31,shop_1,orange-power,glass,25271,500ml,26909.97
2707,2014-07-31,shop_1,orange-power,plastic,26577,1.5lt,48205.1
2708,2014-07-31,shop_1,orange-power,can,67881,330ml,28696.39
2709,2014-07-31,shop_1,gazoza,glass,44527,500ml,31254.62
2710,2014-07-31,shop_1,gazoza,plastic,27088,1.5lt,36596.8
2711,2014-07-31,shop_1,gazoza,can,38962,330ml,15621.21
2712,2014-07-31,shop_1,lemon-boost,glass,28449,500ml,30221.61
2713,2014-07-31,shop_1,lemon-boost,plastic,19203,1.5lt,44514.85
2714,2014-07-31,shop_1,lemon-boost,can,46080,330ml,20410.26
2715,2014-07-31,shop_2,kinder-cola,glass,24579,500ml,32769.29
2716,2014-07-31,shop_2,kinder-cola,plastic,11719,1.5lt,48561.67
2717,2014-07-31,shop_2,kinder-cola,can,26382,330ml,21343.07
2718,2014-07-31,shop_2,adult-cola,glass,38114,500ml,43523.11
2719,2014-07-31,shop_2,adult-cola,plastic,16859,1.5lt,55920.51
2720,2014-07-31,shop_2,adult-cola,can,55251,330ml,32335.78
2721,2014-07-31,shop_2,orange-power,glass,50710,500ml,48360.54
2722,2014-07-31,shop_2,orange-power,plastic,54289,1.5lt,53390.8
2723,2014-07-31,shop_2,orange-power,can,60896,330ml,29299.17
2724,2014-07-31,shop_2,gazoza,glass,62885,500ml,41022.8
2725,2014-07-31,shop_2,gazoza,plastic,53659,1.5lt,54831.65
2726,2014-07-31,shop_2,gazoza,can,123384,330ml,33957.24
2727,2014-07-31,shop_2,lemon-boost,glass,34556,500ml,36104.59
2728,2014-07-31,shop_2,lemon-boost,plastic,23431,1.5lt,51603.36
2729,2014-07-31,shop_2,lemon-boost,can,34533,330ml,21904.59
2730,2014-07-31,shop_6,kinder-cola,glass,34148,500ml,44833.49
2731,2014-07-31,shop_6,kinder-cola,plastic,20373,1.5lt,72741.81
2732,2014-07-31,shop_6,kinder-cola,can,43443,330ml,30928.67
2733,2014-07-31,shop_6,adult-cola,glass,37733,500ml,51715.14
2734,2014-07-31,shop_6,adult-cola,plastic,38503,1.5lt,100959.5
2735,2014-07-31,shop_6,adult-cola,can,56222,330ml,41443.95
2736,2014-07-31,shop_6,orange-power,glass,98662,500ml,66082.47
2737,2014-07-31,shop_6,orange-power,plastic,52901,1.5lt,101539.57
2738,2014-07-31,shop_6,orange-power,can,79730,330ml,40646.96
2739,2014-07-31,shop_6,gazoza,glass,89670,500ml,57586.19
2740,2014-07-31,shop_6,gazoza,plastic,78124,1.5lt,74394.03
2741,2014-07-31,shop_6,gazoza,can,85122,330ml,29969.4
2742,2014-07-31,shop_6,lemon-boost,glass,38718,500ml,41660.0
2743,2014-07-31,shop_6,lemon-boost,plastic,41639,1.5lt,78272.23
2744,2014-07-31,shop_6,lemon-boost,can,47891,330ml,29792.57
2745,2014-07-31,shop_4,kinder-cola,glass,33960,500ml,34850.09
2746,2014-07-31,shop_4,kinder-cola,plastic,15502,1.5lt,57449.11
2747,2014-07-31,shop_4,kinder-cola,can,30879,330ml,22016.74
2748,2014-07-31,shop_4,adult-cola,glass,37882,500ml,44258.69
2749,2014-07-31,shop_4,adult-cola,plastic,34001,1.5lt,81931.83
2750,2014-07-31,shop_4,adult-cola,can,63333,330ml,34090.58
2751,2014-07-31,shop_4,orange-power,glass,64258,500ml,47502.99
2752,2014-07-31,shop_4,orange-power,plastic,52261,1.5lt,75977.47
2753,2014-07-31,shop_4,orange-power,can,99834,330ml,34149.16
2754,2014-07-31,shop_4,gazoza,glass,74450,500ml,45591.49
2755,2014-07-31,shop_4,gazoza,plastic,71844,1.5lt,65341.92
2756,2014-07-31,shop_4,gazoza,can,86851,330ml,27911.25
2757,2014-07-31,shop_4,lemon-boost,glass,46574,500ml,38999.26
2758,2014-07-31,shop_4,lemon-boost,plastic,38050,1.5lt,62364.79
2759,2014-07-31,shop_4,lemon-boost,can,38144,330ml,23901.75
2760,2014-07-31,shop_3,kinder-cola,glass,8426,500ml,14536.48
2761,2014-07-31,shop_3,kinder-cola,plastic,9939,1.5lt,33587.98
2762,2014-07-31,shop_3,kinder-cola,can,21800,330ml,16459.41
2763,2014-07-31,shop_3,adult-cola,glass,17934,500ml,24414.02
2764,2014-07-31,shop_3,adult-cola,plastic,10931,1.5lt,35211.7
2765,2014-07-31,shop_3,adult-cola,can,36256,330ml,23949.39
2766,2014-07-31,shop_3,orange-power,glass,43936,500ml,37306.97
2767,2014-07-31,shop_3,orange-power,plastic,51922,1.5lt,51815.65
2768,2014-07-31,shop_3,orange-power,can,53229,330ml,25943.86
2769,2014-07-31,shop_3,gazoza,glass,50268,500ml,31028.47
2770,2014-07-31,shop_3,gazoza,plastic,40341,1.5lt,31536.5
2771,2014-07-31,shop_3,gazoza,can,40827,330ml,15557.63
2772,2014-07-31,shop_3,lemon-boost,glass,20966,500ml,22076.79
2773,2014-07-31,shop_3,lemon-boost,plastic,16990,1.5lt,32060.71
2774,2014-07-31,shop_3,lemon-boost,can,41955,330ml,18535.41
2790,2014-08-31,shop_1,kinder-cola,glass,21137,500ml,22665.71
2791,2014-08-31,shop_1,kinder-cola,plastic,25920,1.5lt,30728.39
2792,2014-08-31,shop_1,kinder-cola,can,31826,330ml,14684.1
2793,2014-08-31,shop_1,adult-cola,glass,30370,500ml,31933.44
2794,2014-08-31,shop_1,adult-cola,plastic,25323,1.5lt,63833.05
2795,2014-08-31,shop_1,adult-cola,can,46029,330ml,21797.68
2796,2014-08-31,shop_1,orange-power,glass,47844,500ml,34517.15
2797,2014-08-31,shop_1,orange-power,plastic,29176,1.5lt,48298.45
2798,2014-08-31,shop_1,orange-power,can,57358,330ml,24001.86
2799,2014-08-31,shop_1,gazoza,glass,47669,500ml,28356.55
2800,2014-08-31,shop_1,gazoza,plastic,46075,1.5lt,40271.47
2801,2014-08-31,shop_1,gazoza,can,36450,330ml,13671.12
2802,2014-08-31,shop_1,lemon-boost,glass,33957,500ml,28252.85
2803,2014-08-31,shop_1,lemon-boost,plastic,20451,1.5lt,42350.1
2804,2014-08-31,shop_1,lemon-boost,can,26873,330ml,16784.07
2805,2014-08-31,shop_2,kinder-cola,glass,21652,500ml,24802.29
2806,2014-08-31,shop_2,kinder-cola,plastic,13717,1.5lt,46823.98
2807,2014-08-31,shop_2,kinder-cola,can,22290,330ml,17858.28
2808,2014-08-31,shop_2,adult-cola,glass,33091,500ml,40067.27
2809,2014-08-31,shop_2,adult-cola,plastic,37356,1.5lt,65987.43
2810,2014-08-31,shop_2,adult-cola,can,37205,330ml,23920.33
2811,2014-08-31,shop_2,orange-power,glass,37648,500ml,34851.31
2812,2014-08-31,shop_2,orange-power,plastic,26197,1.5lt,55736.92
2813,2014-08-31,shop_2,orange-power,can,38585,330ml,21939.4
2814,2014-08-31,shop_2,gazoza,glass,56424,500ml,35171.38
2815,2014-08-31,shop_2,gazoza,plastic,51654,1.5lt,37349.54
2816,2014-08-31,shop_2,gazoza,can,85681,330ml,21089.03
2817,2014-08-31,shop_2,lemon-boost,glass,32461,500ml,29835.33
2818,2014-08-31,shop_2,lemon-boost,plastic,24649,1.5lt,45679.93
2819,2014-08-31,shop_2,lemon-boost,can,35518,330ml,20366.05
2820,2014-08-31,shop_6,kinder-cola,glass,37534,500ml,38290.18
2821,2014-08-31,shop_6,kinder-cola,plastic,17162,1.5lt,59329.22
2822,2014-08-31,shop_6,kinder-cola,can,38096,330ml,28739.46
2823,2014-08-31,shop_6,adult-cola,glass,53278,500ml,59300.75
2824,2014-08-31,shop_6,adult-cola,plastic,24346,1.5lt,80442.58
2825,2014-08-31,shop_6,adult-cola,can,78593,330ml,36852.5
2826,2014-08-31,shop_6,orange-power,glass,37044,500ml,36709.79
2827,2014-08-31,shop_6,orange-power,plastic,50406,1.5lt,63095.65
2828,2014-08-31,shop_6,orange-power,can,60069,330ml,31287.18
2829,2014-08-31,shop_6,gazoza,glass,69679,500ml,47832.78
2830,2014-08-31,shop_6,gazoza,plastic,51349,1.5lt,58743.86
2831,2014-08-31,shop_6,gazoza,can,119725,330ml,32650.35
2832,2014-08-31,shop_6,lemon-boost,glass,43750,500ml,44135.39
2833,2014-08-31,shop_6,lemon-boost,plastic,25616,1.5lt,62847.04
2834,2014-08-31,shop_6,lemon-boost,can,43140,330ml,28023.59
2835,2014-08-31,shop_4,kinder-cola,glass,18945,500ml,26102.37
2836,2014-08-31,shop_4,kinder-cola,plastic,15132,1.5lt,50249.22
2837,2014-08-31,shop_4,kinder-cola,can,21736,330ml,18521.16
2838,2014-08-31,shop_4,adult-cola,glass,53766,500ml,49459.24
2839,2014-08-31,shop_4,adult-cola,plastic,15372,1.5lt,54283.58
2840,2014-08-31,shop_4,adult-cola,can,41215,330ml,28272.13
2841,2014-08-31,shop_4,orange-power,glass,49627,500ml,41281.72
2842,2014-08-31,shop_4,orange-power,plastic,35634,1.5lt,66994.22
2843,2014-08-31,shop_4,orange-power,can,40759,330ml,23205.31
2844,2014-08-31,shop_4,gazoza,glass,90905,500ml,47582.05
2845,2014-08-31,shop_4,gazoza,plastic,48286,1.5lt,50306.0
2846,2014-08-31,shop_4,gazoza,can,101423,330ml,27784.54
2847,2014-08-31,shop_4,lemon-boost,glass,31761,500ml,32512.22
2848,2014-08-31,shop_4,lemon-boost,plastic,24257,1.5lt,56454.01
2849,2014-08-31,shop_4,lemon-boost,can,37393,330ml,18537.51
2850,2014-08-31,shop_3,kinder-cola,glass,17318,500ml,19223.41
2851,2014-08-31,shop_3,kinder-cola,plastic,10641,1.5lt,32290.14
2852,2014-08-31,shop_3,kinder-cola,can,15233,330ml,13129.16
2853,2014-08-31,shop_3,adult-cola,glass,25382,500ml,24345.28
2854,2014-08-31,shop_3,adult-cola,plastic,11693,1.5lt,38000.85
2855,2014-08-31,shop_3,adult-cola,can,30902,330ml,18381.51
2856,2014-08-31,shop_3,orange-power,glass,34729,500ml,23974.19
2857,2014-08-31,shop_3,orange-power,plastic,21298,1.5lt,34669.03
2858,2014-08-31,shop_3,orange-power,can,53408,330ml,13977.18
2859,2014-08-31,shop_3,gazoza,glass,34184,500ml,22029.03
2860,2014-08-31,shop_3,gazoza,plastic,12587,1.5lt,19076.88
2861,2014-08-31,shop_3,gazoza,can,52278,330ml,16347.94
2862,2014-08-31,shop_3,lemon-boost,glass,17824,500ml,19278.8
2863,2014-08-31,shop_3,lemon-boost,plastic,6896,1.5lt,21146.65
2864,2014-08-31,shop_3,lemon-boost,can,24759,330ml,12315.43
2880,2014-09-30,shop_1,kinder-cola,glass,14130,500ml,15889.34
2881,2014-09-30,shop_1,kinder-cola,plastic,10886,1.5lt,36026.42
2882,2014-09-30,shop_1,kinder-cola,can,13722,330ml,11944.22
2883,2014-09-30,shop_1,adult-cola,glass,24582,500ml,26396.86
2884,2014-09-30,shop_1,adult-cola,plastic,18406,1.5lt,40272.32
2885,2014-09-30,shop_1,adult-cola,can,32426,330ml,20191.05
2886,2014-09-30,shop_1,orange-power,glass,65339,500ml,39992.27
2887,2014-09-30,shop_1,orange-power,plastic,21798,1.5lt,42366.65
2888,2014-09-30,shop_1,orange-power,can,24718,330ml,15170.09
2889,2014-09-30,shop_1,gazoza,glass,40121,500ml,24319.32
2890,2014-09-30,shop_1,gazoza,plastic,49550,1.5lt,30212.52
2891,2014-09-30,shop_1,gazoza,can,30884,330ml,12310.82
2892,2014-09-30,shop_1,lemon-boost,glass,18530,500ml,19258.15
2893,2014-09-30,shop_1,lemon-boost,plastic,12589,1.5lt,31380.38
2894,2014-09-30,shop_1,lemon-boost,can,31083,330ml,14856.54
2895,2014-09-30,shop_2,kinder-cola,glass,15171,500ml,19778.31
2896,2014-09-30,shop_2,kinder-cola,plastic,12293,1.5lt,39462.18
2897,2014-09-30,shop_2,kinder-cola,can,15571,330ml,13504.64
2898,2014-09-30,shop_2,adult-cola,glass,26346,500ml,31157.68
2899,2014-09-30,shop_2,adult-cola,plastic,22743,1.5lt,48613.37
2900,2014-09-30,shop_2,adult-cola,can,37168,330ml,20840.2
2901,2014-09-30,shop_2,orange-power,glass,33609,500ml,31243.93
2902,2014-09-30,shop_2,orange-power,plastic,22438,1.5lt,41563.92
2903,2014-09-30,shop_2,orange-power,can,36756,330ml,20474.35
2904,2014-09-30,shop_2,gazoza,glass,61194,500ml,34022.09
2905,2014-09-30,shop_2,gazoza,plastic,37696,1.5lt,39660.87
2906,2014-09-30,shop_2,gazoza,can,47765,330ml,17026.92
2907,2014-09-30,shop_2,lemon-boost,glass,29087,500ml,25295.36
2908,2014-09-30,shop_2,lemon-boost,plastic,17718,1.5lt,41606.28
2909,2014-09-30,shop_2,lemon-boost,can,22596,330ml,13517.68
2910,2014-09-30,shop_6,kinder-cola,glass,31440,500ml,33906.4
2911,2014-09-30,shop_6,kinder-cola,plastic,21827,1.5lt,56111.3
2912,2014-09-30,shop_6,kinder-cola,can,41896,330ml,27344.85
2913,2014-09-30,shop_6,adult-cola,glass,64112,500ml,44606.51
2914,2014-09-30,shop_6,adult-cola,plastic,31915,1.5lt,76362.76
2915,2014-09-30,shop_6,adult-cola,can,28894,330ml,25104.39
2916,2014-09-30,shop_6,orange-power,glass,53862,500ml,48700.85
2917,2014-09-30,shop_6,orange-power,plastic,30200,1.5lt,56626.78
2918,2014-09-30,shop_6,orange-power,can,65797,330ml,30874.54
2919,2014-09-30,shop_6,gazoza,glass,85406,500ml,49226.43
2920,2014-09-30,shop_6,gazoza,plastic,53956,1.5lt,54798.39
2921,2014-09-30,shop_6,gazoza,can,84881,330ml,27781.42
2922,2014-09-30,shop_6,lemon-boost,glass,50004,500ml,35724.37
2923,2014-09-30,shop_6,lemon-boost,plastic,33708,1.5lt,60712.22
2924,2014-09-30,shop_6,lemon-boost,can,52025,330ml,20968.75
2925,2014-09-30,shop_4,kinder-cola,glass,28478,500ml,24321.6
2926,2014-09-30,shop_4,kinder-cola,plastic,13508,1.5lt,45667.71
2927,2014-09-30,shop_4,kinder-cola,can,25273,330ml,15713.16
2928,2014-09-30,shop_4,adult-cola,glass,39247,500ml,37570.1
2929,2014-09-30,shop_4,adult-cola,plastic,13044,1.5lt,43938.8
2930,2014-09-30,shop_4,adult-cola,can,46229,330ml,24239.6
2931,2014-09-30,shop_4,orange-power,glass,44640,500ml,39630.6
2932,2014-09-30,shop_4,orange-power,plastic,35803,1.5lt,51183.58
2933,2014-09-30,shop_4,orange-power,can,37474,330ml,21355.52
2934,2014-09-30,shop_4,gazoza,glass,41510,500ml,28711.19
2935,2014-09-30,shop_4,gazoza,plastic,39233,1.5lt,40374.64
2936,2014-09-30,shop_4,gazoza,can,67863,330ml,19602.53
2937,2014-09-30,shop_4,lemon-boost,glass,30144,500ml,27052.12
2938,2014-09-30,shop_4,lemon-boost,plastic,24865,1.5lt,43893.01
2939,2014-09-30,shop_4,lemon-boost,can,31961,330ml,15668.19
2940,2014-09-30,shop_3,kinder-cola,glass,16061,500ml,15248.79
2941,2014-09-30,shop_3,kinder-cola,plastic,10542,1.5lt,20816.52
2942,2014-09-30,shop_3,kinder-cola,can,17795,330ml,11687.53
2943,2014-09-30,shop_3,adult-cola,glass,9589,500ml,13935.58
2944,2014-09-30,shop_3,adult-cola,plastic,13524,1.5lt,32498.97
2945,2014-09-30,shop_3,adult-cola,can,34982,330ml,17148.91
2946,2014-09-30,shop_3,orange-power,glass,21808,500ml,20236.84
2947,2014-09-30,shop_3,orange-power,plastic,21439,1.5lt,32167.89
2948,2014-09-30,shop_3,orange-power,can,50147,330ml,18432.71
2949,2014-09-30,shop_3,gazoza,glass,45476,500ml,21982.57
2950,2014-09-30,shop_3,gazoza,plastic,11701,1.5lt,17857.12
2951,2014-09-30,shop_3,gazoza,can,31123,330ml,10932.08
2952,2014-09-30,shop_3,lemon-boost,glass,19613,500ml,18087.34
2953,2014-09-30,shop_3,lemon-boost,plastic,14124,1.5lt,27665.47
2954,2014-09-30,shop_3,lemon-boost,can,21909,330ml,10554.77
2970,2014-10-31,shop_1,kinder-cola,glass,10050,500ml,14359.44
2971,2014-10-31,shop_1,kinder-cola,plastic,8408,1.5lt,27582.62
2972,2014-10-31,shop_1,kinder-cola,can,14826,330ml,11253.84
2973,2014-10-31,shop_1,adult-cola,glass,21027,500ml,23735.01
2974,2014-10-31,shop_1,adult-cola,plastic,14004,1.5lt,34729.41
2975,2014-10-31,shop_1,adult-cola,can,37875,330ml,15289.58
2976,2014-10-31,shop_1,orange-power,glass,27124,500ml,22982.09
2977,2014-10-31,shop_1,orange-power,plastic,33889,1.5lt,27514.07
2978,2014-10-31,shop_1,orange-power,can,30679,330ml,13444.28
2979,2014-10-31,shop_1,gazoza,glass,36652,500ml,24904.42
2980,2014-10-31,shop_1,gazoza,plastic,24182,1.5lt,27087.31
2981,2014-10-31,shop_1,gazoza,can,38763,330ml,14187.24
2982,2014-10-31,shop_1,lemon-boost,glass,14147,500ml,13746.66
2983,2014-10-31,shop_1,lemon-boost,plastic,17043,1.5lt,24661.41
2984,2014-10-31,shop_1,lemon-boost,can,16957,330ml,10567.76
2985,2014-10-31,shop_2,kinder-cola,glass,11369,500ml,16784.93
2986,2014-10-31,shop_2,kinder-cola,plastic,14091,1.5lt,35373.34
2987,2014-10-31,shop_2,kinder-cola,can,23119,330ml,16582.46
2988,2014-10-31,shop_2,adult-cola,glass,21440,500ml,24381.48
2989,2014-10-31,shop_2,adult-cola,plastic,20918,1.5lt,52533.89
2990,2014-10-31,shop_2,adult-cola,can,25813,330ml,18493.81
2991,2014-10-31,shop_2,orange-power,glass,34144,500ml,27624.38
2992,2014-10-31,shop_2,orange-power,plastic,19011,1.5lt,37503.52
2993,2014-10-31,shop_2,orange-power,can,38791,330ml,17472.36
2994,2014-10-31,shop_2,gazoza,glass,34435,500ml,22638.37
2995,2014-10-31,shop_2,gazoza,plastic,53861,1.5lt,26329.59
2996,2014-10-31,shop_2,gazoza,can,39810,330ml,13627.52
2997,2014-10-31,shop_2,lemon-boost,glass,15131,500ml,17960.15
2998,2014-10-31,shop_2,lemon-boost,plastic,17614,1.5lt,38195.67
2999,2014-10-31,shop_2,lemon-boost,can,29085,330ml,15157.22
3000,2014-10-31,shop_6,kinder-cola,glass,21415,500ml,25944.59
3001,2014-10-31,shop_6,kinder-cola,plastic,17565,1.5lt,46178.88
3002,2014-10-31,shop_6,kinder-cola,can,25258,330ml,21162.5
3003,2014-10-31,shop_6,adult-cola,glass,24973,500ml,29823.22
3004,2014-10-31,shop_6,adult-cola,plastic,19137,1.5lt,59102.91
3005,2014-10-31,shop_6,adult-cola,can,31491,330ml,22762.81
3006,2014-10-31,shop_6,orange-power,glass,37347,500ml,32342.59
3007,2014-10-31,shop_6,orange-power,plastic,36072,1.5lt,60785.58
3008,2014-10-31,shop_6,orange-power,can,84278,330ml,25929.6
3009,2014-10-31,shop_6,gazoza,glass,57000,500ml,34768.53
3010,2014-10-31,shop_6,gazoza,plastic,29765,1.5lt,38364.76
3011,2014-10-31,shop_6,gazoza,can,78579,330ml,23171.65
3012,2014-10-31,shop_6,lemon-boost,glass,25747,500ml,25172.89
3013,2014-10-31,shop_6,lemon-boost,plastic,16796,1.5lt,36618.02
3014,2014-10-31,shop_6,lemon-boost,can,23329,330ml,15189.55
3015,2014-10-31,shop_4,kinder-cola,glass,20164,500ml,21612.07
3016,2014-10-31,shop_4,kinder-cola,plastic,12033,1.5lt,31640.17
3017,2014-10-31,shop_4,kinder-cola,can,14823,330ml,12325.26
3018,2014-10-31,shop_4,adult-cola,glass,35304,500ml,30145.86
3019,2014-10-31,shop_4,adult-cola,plastic,17822,1.5lt,49648.13
3020,2014-10-31,shop_4,adult-cola,can,45758,330ml,22386.12
3021,2014-10-31,shop_4,orange-power,glass,55171,500ml,40713.45
3022,2014-10-31,shop_4,orange-power,plastic,26944,1.5lt,46394.96
3023,2014-10-31,shop_4,orange-power,can,26340,330ml,15640.39
3024,2014-10-31,shop_4,gazoza,glass,28529,500ml,21072.99
3025,2014-10-31,shop_4,gazoza,plastic,33168,1.5lt,31384.15
3026,2014-10-31,shop_4,gazoza,can,48989,330ml,16838.44
3027,2014-10-31,shop_4,lemon-boost,glass,15892,500ml,16748.28
3028,2014-10-31,shop_4,lemon-boost,plastic,19130,1.5lt,37912.61
3029,2014-10-31,shop_4,lemon-boost,can,33044,330ml,16452.7
3030,2014-10-31,shop_3,kinder-cola,glass,9660,500ml,12380.97
3031,2014-10-31,shop_3,kinder-cola,plastic,7444,1.5lt,23393.57
3032,2014-10-31,shop_3,kinder-cola,can,16115,330ml,7796.42
3033,2014-10-31,shop_3,adult-cola,glass,25946,500ml,17290.69
3034,2014-10-31,shop_3,adult-cola,plastic,13045,1.5lt,33952.36
3035,2014-10-31,shop_3,adult-cola,can,22826,330ml,13739.47
3036,2014-10-31,shop_3,orange-power,glass,18691,500ml,17383.75
3037,2014-10-31,shop_3,orange-power,plastic,18066,1.5lt,26290.13
3038,2014-10-31,shop_3,orange-power,can,25632,330ml,10865.69
3039,2014-10-31,shop_3,gazoza,glass,36426,500ml,17476.35
3040,2014-10-31,shop_3,gazoza,plastic,21418,1.5lt,22434.88
3041,2014-10-31,shop_3,gazoza,can,37130,330ml,10398.96
3042,2014-10-31,shop_3,lemon-boost,glass,9846,500ml,11597.01
3043,2014-10-31,shop_3,lemon-boost,plastic,10688,1.5lt,25715.71
3044,2014-10-31,shop_3,lemon-boost,can,13439,330ml,8397.02
3060,2014-11-30,shop_1,kinder-cola,glass,10353,500ml,14437.58
3061,2014-11-30,shop_1,kinder-cola,plastic,9800,1.5lt,26107.12
3062,2014-11-30,shop_1,kinder-cola,can,11283,330ml,9448.32
3063,2014-11-30,shop_1,adult-cola,glass,21034,500ml,22794.0
3064,2014-11-30,shop_1,adult-cola,plastic,12063,1.5lt,37190.14
3065,2014-11-30,shop_1,adult-cola,can,15347,330ml,12139.87
3066,2014-11-30,shop_1,orange-power,glass,13126,500ml,14160.11
3067,2014-11-30,shop_1,orange-power,plastic,19306,1.5lt,31786.7
3068,2014-11-30,shop_1,orange-power,can,36434,330ml,15451.3
3069,2014-11-30,shop_1,gazoza,glass,23035,500ml,17247.55
3070,2014-11-30,shop_1,gazoza,plastic,19539,1.5lt,24443.8
3071,2014-11-30,shop_1,gazoza,can,23934,330ml,9415.0
3072,2014-11-30,shop_1,lemon-boost,glass,17275,500ml,16115.13
3073,2014-11-30,shop_1,lemon-boost,plastic,14487,1.5lt,25945.33
3074,2014-11-30,shop_1,lemon-boost,can,30151,330ml,10364.98
3075,2014-11-30,shop_2,kinder-cola,glass,15034,500ml,20596.47
3076,2014-11-30,shop_2,kinder-cola,plastic,14750,1.5lt,29942.88
3077,2014-11-30,shop_2,kinder-cola,can,17612,330ml,11915.12
3078,2014-11-30,shop_2,adult-cola,glass,11308,500ml,17130.03
3079,2014-11-30,shop_2,adult-cola,plastic,13063,1.5lt,38370.79
3080,2014-11-30,shop_2,adult-cola,can,30836,330ml,17382.67
3081,2014-11-30,shop_2,orange-power,glass,36901,500ml,31284.5
3082,2014-11-30,shop_2,orange-power,plastic,34600,1.5lt,33109.29
3083,2014-11-30,shop_2,orange-power,can,19607,330ml,12082.71
3084,2014-11-30,shop_2,gazoza,glass,33185,500ml,23788.21
3085,2014-11-30,shop_2,gazoza,plastic,28908,1.5lt,25294.97
3086,2014-11-30,shop_2,gazoza,can,40883,330ml,14667.2
3087,2014-11-30,shop_2,lemon-boost,glass,18645,500ml,17888.56
3088,2014-11-30,shop_2,lemon-boost,plastic,9545,1.5lt,26325.62
3089,2014-11-30,shop_2,lemon-boost,can,15083,330ml,10702.13
3090,2014-11-30,shop_6,kinder-cola,glass,18991,500ml,22012.7
3091,2014-11-30,shop_6,kinder-cola,plastic,14920,1.5lt,37044.6
3092,2014-11-30,shop_6,kinder-cola,can,25687,330ml,16924.91
3093,2014-11-30,shop_6,adult-cola,glass,38254,500ml,33138.01
3094,2014-11-30,shop_6,adult-cola,plastic,22143,1.5lt,61230.7
3095,2014-11-30,shop_6,adult-cola,can,29012,330ml,20773.55
3096,2014-11-30,shop_6,orange-power,glass,33554,500ml,29508.59
3097,2014-11-30,shop_6,orange-power,plastic,25140,1.5lt,51153.01
3098,2014-11-30,shop_6,orange-power,can,78031,330ml,23547.07
3099,2014-11-30,shop_6,gazoza,glass,45397,500ml,30132.77
3100,2014-11-30,shop_6,gazoza,plastic,50056,1.5lt,39542.63
3101,2014-11-30,shop_6,gazoza,can,70913,330ml,22388.0
3102,2014-11-30,shop_6,lemon-boost,glass,35535,500ml,27379.32
3103,2014-11-30,shop_6,lemon-boost,plastic,21504,1.5lt,42162.01
3104,2014-11-30,shop_6,lemon-boost,can,30638,330ml,16378.53
3105,2014-11-30,shop_4,kinder-cola,glass,17594,500ml,18318.75
3106,2014-11-30,shop_4,kinder-cola,plastic,14418,1.5lt,32520.31
3107,2014-11-30,shop_4,kinder-cola,can,18014,330ml,14250.35
3108,2014-11-30,shop_4,adult-cola,glass,25184,500ml,28707.71
3109,2014-11-30,shop_4,adult-cola,plastic,21867,1.5lt,29196.96
3110,2014-11-30,shop_4,adult-cola,can,28776,330ml,18109.52
3111,2014-11-30,shop_4,orange-power,glass,33451,500ml,27567.06
3112,2014-11-30,shop_4,orange-power,plastic,15622,1.5lt,32762.34
3113,2014-11-30,shop_4,orange-power,can,49833,330ml,18250.94
3114,2014-11-30,shop_4,gazoza,glass,43159,500ml,27247.78
3115,2014-11-30,shop_4,gazoza,plastic,30314,1.5lt,29807.89
3116,2014-11-30,shop_4,gazoza,can,49155,330ml,15806.28
3117,2014-11-30,shop_4,lemon-boost,glass,12526,500ml,15621.37
3118,2014-11-30,shop_4,lemon-boost,plastic,15419,1.5lt,30425.37
3119,2014-11-30,shop_4,lemon-boost,can,34005,330ml,13121.88
3120,2014-11-30,shop_3,kinder-cola,glass,9486,500ml,11631.36
3121,2014-11-30,shop_3,kinder-cola,plastic,7659,1.5lt,20932.28
3122,2014-11-30,shop_3,kinder-cola,can,7867,330ml,7320.17
3123,2014-11-30,shop_3,adult-cola,glass,12781,500ml,16114.15
3124,2014-11-30,shop_3,adult-cola,plastic,8904,1.5lt,28102.75
3125,2014-11-30,shop_3,adult-cola,can,21045,330ml,13493.15
3126,2014-11-30,shop_3,orange-power,glass,14818,500ml,14381.55
3127,2014-11-30,shop_3,orange-power,plastic,16484,1.5lt,26023.35
3128,2014-11-30,shop_3,orange-power,can,22151,330ml,11276.87
3129,2014-11-30,shop_3,gazoza,glass,24399,500ml,16749.31
3130,2014-11-30,shop_3,gazoza,plastic,36006,1.5lt,15328.59
3131,2014-11-30,shop_3,gazoza,can,28811,330ml,10177.45
3132,2014-11-30,shop_3,lemon-boost,glass,7417,500ml,8711.74
3133,2014-11-30,shop_3,lemon-boost,plastic,12168,1.5lt,13515.13
3134,2014-11-30,shop_3,lemon-boost,can,19468,330ml,9673.76
3150,2014-12-31,shop_1,kinder-cola,glass,12435,500ml,17746.39
3151,2014-12-31,shop_1,kinder-cola,plastic,13190,1.5lt,32512.8
3152,2014-12-31,shop_1,kinder-cola,can,17798,330ml,13298.21
3153,2014-12-31,shop_1,adult-cola,glass,18201,500ml,22181.61
3154,2014-12-31,shop_1,adult-cola,plastic,19239,1.5lt,38716.67
3155,2014-12-31,shop_1,adult-cola,can,29023,330ml,17165.83
3156,2014-12-31,shop_1,orange-power,glass,37145,500ml,26071.47
3157,2014-12-31,shop_1,orange-power,plastic,22813,1.5lt,34474.61
3158,2014-12-31,shop_1,orange-power,can,27349,330ml,14654.45
3159,2014-12-31,shop_1,gazoza,glass,43649,500ml,21264.86
3160,2014-12-31,shop_1,gazoza,plastic,20458,1.5lt,26847.43
3161,2014-12-31,shop_1,gazoza,can,44801,330ml,13383.94
3162,2014-12-31,shop_1,lemon-boost,glass,16781,500ml,15154.36
3163,2014-12-31,shop_1,lemon-boost,plastic,11843,1.5lt,26547.27
3164,2014-12-31,shop_1,lemon-boost,can,28800,330ml,12967.69
3165,2014-12-31,shop_2,kinder-cola,glass,24031,500ml,22181.27
3166,2014-12-31,shop_2,kinder-cola,plastic,18099,1.5lt,35501.62
3167,2014-12-31,shop_2,kinder-cola,can,24287,330ml,17197.68
3168,2014-12-31,shop_2,adult-cola,glass,29270,500ml,29989.27
3169,2014-12-31,shop_2,adult-cola,plastic,17795,1.5lt,50954.15
3170,2014-12-31,shop_2,adult-cola,can,27533,330ml,21304.1
3171,2014-12-31,shop_2,orange-power,glass,37461,500ml,29649.54
3172,2014-12-31,shop_2,orange-power,plastic,31397,1.5lt,48840.47
3173,2014-12-31,shop_2,orange-power,can,34025,330ml,18651.48
3174,2014-12-31,shop_2,gazoza,glass,57001,500ml,31926.42
3175,2014-12-31,shop_2,gazoza,plastic,33141,1.5lt,35692.83
3176,2014-12-31,shop_2,gazoza,can,65214,330ml,19862.14
3177,2014-12-31,shop_2,lemon-boost,glass,24909,500ml,21315.98
3178,2014-12-31,shop_2,lemon-boost,plastic,14955,1.5lt,34060.15
3179,2014-12-31,shop_2,lemon-boost,can,40565,330ml,18659.98
3180,2014-12-31,shop_6,kinder-cola,glass,22174,500ml,30341.77
3181,2014-12-31,shop_6,kinder-cola,plastic,13990,1.5lt,48561.47
3182,2014-12-31,shop_6,kinder-cola,can,28737,330ml,19635.85
3183,2014-12-31,shop_6,adult-cola,glass,49461,500ml,45712.98
3184,2014-12-31,shop_6,adult-cola,plastic,26150,1.5lt,68251.26
3185,2014-12-31,shop_6,adult-cola,can,33954,330ml,25544.5
3186,2014-12-31,shop_6,orange-power,glass,47889,500ml,38374.66
3187,2014-12-31,shop_6,orange-power,plastic,39229,1.5lt,63304.09
3188,2014-12-31,shop_6,orange-power,can,46569,330ml,25228.9
3189,2014-12-31,shop_6,gazoza,glass,80198,500ml,36630.44
3190,2014-12-31,shop_6,gazoza,plastic,52277,1.5lt,46147.96
3191,2014-12-31,shop_6,gazoza,can,69618,330ml,23009.2
3192,2014-12-31,shop_6,lemon-boost,glass,33985,500ml,28459.16
3193,2014-12-31,shop_6,lemon-boost,plastic,21850,1.5lt,46333.38
3194,2014-12-31,shop_6,lemon-boost,can,30475,330ml,20116.63
3195,2014-12-31,shop_4,kinder-cola,glass,15645,500ml,21436.77
3196,2014-12-31,shop_4,kinder-cola,plastic,10093,1.5lt,37780.1
3197,2014-12-31,shop_4,kinder-cola,can,19706,330ml,17238.26
3198,2014-12-31,shop_4,adult-cola,glass,26738,500ml,31740.83
3199,2014-12-31,shop_4,adult-cola,plastic,11895,1.5lt,37993.52
3200,2014-12-31,shop_4,adult-cola,can,52182,330ml,22339.8
3201,2014-12-31,shop_4,orange-power,glass,32048,500ml,29501.79
3202,2014-12-31,shop_4,orange-power,plastic,21068,1.5lt,43025.99
3203,2014-12-31,shop_4,orange-power,can,50274,330ml,24138.25
3204,2014-12-31,shop_4,gazoza,glass,60250,500ml,33759.28
3205,2014-12-31,shop_4,gazoza,plastic,39366,1.5lt,36582.16
3206,2014-12-31,shop_4,gazoza,can,52510,330ml,19213.84
3207,2014-12-31,shop_4,lemon-boost,glass,27773,500ml,25111.99
3208,2014-12-31,shop_4,lemon-boost,plastic,31205,1.5lt,44184.29
3209,2014-12-31,shop_4,lemon-boost,can,18362,330ml,13567.04
3210,2014-12-31,shop_3,kinder-cola,glass,6889,500ml,10121.24
3211,2014-12-31,shop_3,kinder-cola,plastic,9322,1.5lt,21098.73
3212,2014-12-31,shop_3,kinder-cola,can,13025,330ml,9113.3
3213,2014-12-31,shop_3,adult-cola,glass,8815,500ml,12035.51
3214,2014-12-31,shop_3,adult-cola,plastic,10395,1.5lt,28283.32
3215,2014-12-31,shop_3,adult-cola,can,17895,330ml,12926.44
3216,2014-12-31,shop_3,orange-power,glass,12437,500ml,13790.37
3217,2014-12-31,shop_3,orange-power,plastic,17235,1.5lt,35423.58
3218,2014-12-31,shop_3,orange-power,can,16791,330ml,10337.33
3219,2014-12-31,shop_3,gazoza,glass,7321,500ml,6211.49
3220,2014-12-31,shop_3,gazoza,plastic,18839,1.5lt,20612.98
3221,2014-12-31,shop_3,gazoza,can,37552,330ml,11641.9
3222,2014-12-31,shop_3,lemon-boost,glass,14158,500ml,14667.21
3223,2014-12-31,shop_3,lemon-boost,plastic,10648,1.5lt,23396.71
3224,2014-12-31,shop_3,lemon-boost,can,15966,330ml,8780.67
3240,2015-01-31,shop_1,kinder-cola,glass,9949,500ml,13226.38
3241,2015-01-31,shop_1,kinder-cola,plastic,3841,1.5lt,16370.34
3242,2015-01-31,shop_1,kinder-cola,can,19821,330ml,8985.12
3243,2015-01-31,shop_1,adult-cola,glass,8820,500ml,13622.75
3244,2015-01-31,shop_1,adult-cola,plastic,16314,1.5lt,32514.21
3245,2015-01-31,shop_1,adult-cola,can,14014,330ml,10723.92
3246,2015-01-31,shop_1,orange-power,glass,10277,500ml,12043.25
3247,2015-01-31,shop_1,orange-power,plastic,10873,1.5lt,22919.78
3248,2015-01-31,shop_1,orange-power,can,35875,330ml,15789.21
3249,2015-01-31,shop_1,gazoza,glass,46809,500ml,23750.36
3250,2015-01-31,shop_1,gazoza,plastic,22624,1.5lt,24638.3
3251,2015-01-31,shop_1,gazoza,can,24228,330ml,8983.59
3252,2015-01-31,shop_1,lemon-boost,glass,15829,500ml,13831.61
3253,2015-01-31,shop_1,lemon-boost,plastic,16158,1.5lt,20715.17
3254,2015-01-31,shop_1,lemon-boost,can,19426,330ml,10928.46
3255,2015-01-31,shop_2,kinder-cola,glass,16755,500ml,17776.39
3256,2015-01-31,shop_2,kinder-cola,plastic,11627,1.5lt,31114.71
3257,2015-01-31,shop_2,kinder-cola,can,15816,330ml,12645.25
3258,2015-01-31,shop_2,adult-cola,glass,13417,500ml,18481.81
3259,2015-01-31,shop_2,adult-cola,plastic,30847,1.5lt,18087.08
3260,2015-01-31,shop_2,adult-cola,can,29187,330ml,14387.68
3261,2015-01-31,shop_2,orange-power,glass,30925,500ml,23369.11
3262,2015-01-31,shop_2,orange-power,plastic,26083,1.5lt,33945.35
3263,2015-01-31,shop_2,orange-power,can,36781,330ml,16171.66
3264,2015-01-31,shop_2,gazoza,glass,24097,500ml,18397.45
3265,2015-01-31,shop_2,gazoza,plastic,31170,1.5lt,32784.63
3266,2015-01-31,shop_2,gazoza,can,25089,330ml,10310.06
3267,2015-01-31,shop_2,lemon-boost,glass,12005,500ml,14137.28
3268,2015-01-31,shop_2,lemon-boost,plastic,11715,1.5lt,25754.69
3269,2015-01-31,shop_2,lemon-boost,can,32079,330ml,12396.78
3270,2015-01-31,shop_6,kinder-cola,glass,17612,500ml,20739.74
3271,2015-01-31,shop_6,kinder-cola,plastic,8937,1.5lt,35509.41
3272,2015-01-31,shop_6,kinder-cola,can,15121,330ml,14374.77
3273,2015-01-31,shop_6,adult-cola,glass,27965,500ml,27160.89
3274,2015-01-31,shop_6,adult-cola,plastic,19712,1.5lt,46033.86
3275,2015-01-31,shop_6,adult-cola,can,16216,330ml,14356.35
3276,2015-01-31,shop_6,orange-power,glass,17573,500ml,18561.2
3277,2015-01-31,shop_6,orange-power,plastic,28054,1.5lt,53015.43
3278,2015-01-31,shop_6,orange-power,can,51233,330ml,23802.15
3279,2015-01-31,shop_6,gazoza,glass,44982,500ml,30414.25
3280,2015-01-31,shop_6,gazoza,plastic,25231,1.5lt,34382.86
3281,2015-01-31,shop_6,gazoza,can,56529,330ml,17633.5
3282,2015-01-31,shop_6,lemon-boost,glass,27890,500ml,24775.51
3283,2015-01-31,shop_6,lemon-boost,plastic,17994,1.5lt,35593.88
3284,2015-01-31,shop_6,lemon-boost,can,34400,330ml,16100.86
3285,2015-01-31,shop_4,kinder-cola,glass,13777,500ml,18352.89
3286,2015-01-31,shop_4,kinder-cola,plastic,12498,1.5lt,33489.1
3287,2015-01-31,shop_4,kinder-cola,can,20963,330ml,14044.17
3288,2015-01-31,shop_4,adult-cola,glass,18407,500ml,22062.76
3289,2015-01-31,shop_4,adult-cola,plastic,18253,1.5lt,44542.84
3290,2015-01-31,shop_4,adult-cola,can,16827,330ml,13744.29
3291,2015-01-31,shop_4,orange-power,glass,35283,500ml,29737.55
3292,2015-01-31,shop_4,orange-power,plastic,18833,1.5lt,34317.47
3293,2015-01-31,shop_4,orange-power,can,27740,330ml,15571.28
3294,2015-01-31,shop_4,gazoza,glass,31390,500ml,21070.42
3295,2015-01-31,shop_4,gazoza,plastic,20622,1.5lt,29255.03
3296,2015-01-31,shop_4,gazoza,can,28750,330ml,11646.3
3297,2015-01-31,shop_4,lemon-boost,glass,23495,500ml,23272.78
3298,2015-01-31,shop_4,lemon-boost,plastic,13124,1.5lt,27722.25
3299,2015-01-31,shop_4,lemon-boost,can,23983,330ml,13238.98
3300,2015-01-31,shop_3,kinder-cola,glass,10069,500ml,11311.81
3301,2015-01-31,shop_3,kinder-cola,plastic,7852,1.5lt,19374.94
3302,2015-01-31,shop_3,kinder-cola,can,10995,330ml,6424.66
3303,2015-01-31,shop_3,adult-cola,glass,26347,500ml,10471.79
3304,2015-01-31,shop_3,adult-cola,plastic,14957,1.5lt,20809.16
3305,2015-01-31,shop_3,adult-cola,can,4927,330ml,4985.22
3306,2015-01-31,shop_3,orange-power,glass,13819,500ml,13636.06
3307,2015-01-31,shop_3,orange-power,plastic,16222,1.5lt,19704.0
3308,2015-01-31,shop_3,orange-power,can,33186,330ml,9633.76
3309,2015-01-31,shop_3,gazoza,glass,27138,500ml,14800.39
3310,2015-01-31,shop_3,gazoza,plastic,13658,1.5lt,17492.66
3311,2015-01-31,shop_3,gazoza,can,24588,330ml,7503.48
3312,2015-01-31,shop_3,lemon-boost,glass,20310,500ml,13033.43
3313,2015-01-31,shop_3,lemon-boost,plastic,8496,1.5lt,18702.21
3314,2015-01-31,shop_3,lemon-boost,can,8844,330ml,6393.65
3330,2015-02-28,shop_1,kinder-cola,glass,8859,500ml,11006.16
3331,2015-02-28,shop_1,kinder-cola,plastic,10253,1.5lt,19125.97
3332,2015-02-28,shop_1,kinder-cola,can,10667,330ml,8017.33
3333,2015-02-28,shop_1,adult-cola,glass,15844,500ml,14507.69
3334,2015-02-28,shop_1,adult-cola,plastic,15782,1.5lt,20331.07
3335,2015-02-28,shop_1,adult-cola,can,14767,330ml,11847.46
3336,2015-02-28,shop_1,orange-power,glass,12363,500ml,12908.91
3337,2015-02-28,shop_1,orange-power,plastic,11974,1.5lt,23947.72
3338,2015-02-28,shop_1,orange-power,can,18473,330ml,10407.19
3339,2015-02-28,shop_1,gazoza,glass,25397,500ml,14054.32
3340,2015-02-28,shop_1,gazoza,plastic,17738,1.5lt,12542.69
3341,2015-02-28,shop_1,gazoza,can,17775,330ml,7460.76
3342,2015-02-28,shop_1,lemon-boost,glass,11063,500ml,11717.85
3343,2015-02-28,shop_1,lemon-boost,plastic,3384,1.5lt,10868.5
3344,2015-02-28,shop_1,lemon-boost,can,19385,330ml,10454.13
3345,2015-02-28,shop_2,kinder-cola,glass,8396,500ml,12698.7
3346,2015-02-28,shop_2,kinder-cola,plastic,6238,1.5lt,22856.15
3347,2015-02-28,shop_2,kinder-cola,can,14920,330ml,6984.17
3348,2015-02-28,shop_2,adult-cola,glass,18356,500ml,16706.28
3349,2015-02-28,shop_2,adult-cola,plastic,9482,1.5lt,23308.22
3350,2015-02-28,shop_2,adult-cola,can,17601,330ml,12822.93
3351,2015-02-28,shop_2,orange-power,glass,14553,500ml,12821.42
3352,2015-02-28,shop_2,orange-power,plastic,23945,1.5lt,26806.81
3353,2015-02-28,shop_2,orange-power,can,31448,330ml,15437.94
3354,2015-02-28,shop_2,gazoza,glass,26467,500ml,16952.53
3355,2015-02-28,shop_2,gazoza,plastic,25226,1.5lt,26093.78
3356,2015-02-28,shop_2,gazoza,can,23615,330ml,9338.97
3357,2015-02-28,shop_2,lemon-boost,glass,17017,500ml,14228.77
3358,2015-02-28,shop_2,lemon-boost,plastic,8287,1.5lt,18953.37
3359,2015-02-28,shop_2,lemon-boost,can,21541,330ml,10903.55
3360,2015-02-28,shop_6,kinder-cola,glass,15268,500ml,20513.95
3361,2015-02-28,shop_6,kinder-cola,plastic,11294,1.5lt,32384.14
3362,2015-02-28,shop_6,kinder-cola,can,12382,330ml,10497.42
3363,2015-02-28,shop_6,adult-cola,glass,25078,500ml,24045.94
3364,2015-02-28,shop_6,adult-cola,plastic,18822,1.5lt,36307.07
3365,2015-02-28,shop_6,adult-cola,can,37132,330ml,19096.67
3366,2015-02-28,shop_6,orange-power,glass,32691,500ml,28430.2
3367,2015-02-28,shop_6,orange-power,plastic,30712,1.5lt,42241.88
3368,2015-02-28,shop_6,orange-power,can,22386,330ml,13749.7
3369,2015-02-28,shop_6,gazoza,glass,35653,500ml,25410.92
3370,2015-02-28,shop_6,gazoza,plastic,24009,1.5lt,27757.8
3371,2015-02-28,shop_6,gazoza,can,61353,330ml,17775.33
3372,2015-02-28,shop_6,lemon-boost,glass,25836,500ml,22122.05
3373,2015-02-28,shop_6,lemon-boost,plastic,20249,1.5lt,27623.2
3374,2015-02-28,shop_6,lemon-boost,can,30626,330ml,12358.94
3375,2015-02-28,shop_4,kinder-cola,glass,13694,500ml,14259.45
3376,2015-02-28,shop_4,kinder-cola,plastic,9436,1.5lt,25220.0
3377,2015-02-28,shop_4,kinder-cola,can,10945,330ml,9229.17
3378,2015-02-28,shop_4,adult-cola,glass,10082,500ml,13847.99
3379,2015-02-28,shop_4,adult-cola,plastic,15066,1.5lt,35853.89
3380,2015-02-28,shop_4,adult-cola,can,17539,330ml,13631.22
3381,2015-02-28,shop_4,orange-power,glass,36579,500ml,23263.46
3382,2015-02-28,shop_4,orange-power,plastic,22142,1.5lt,35312.79
3383,2015-02-28,shop_4,orange-power,can,21728,330ml,12109.77
3384,2015-02-28,shop_4,gazoza,glass,26653,500ml,17371.58
3385,2015-02-28,shop_4,gazoza,plastic,18709,1.5lt,23138.88
3386,2015-02-28,shop_4,gazoza,can,32425,330ml,11625.12
3387,2015-02-28,shop_4,lemon-boost,glass,19368,500ml,18548.6
3388,2015-02-28,shop_4,lemon-boost,plastic,12744,1.5lt,23598.0
3389,2015-02-28,shop_4,lemon-boost,can,14492,330ml,9877.71
3390,2015-02-28,shop_3,kinder-cola,glass,4118,500ml,7078.13
3391,2015-02-28,shop_3,kinder-cola,plastic,6298,1.5lt,11628.96
3392,2015-02-28,shop_3,kinder-cola,can,10407,330ml,6509.36
3393,2015-02-28,shop_3,adult-cola,glass,14187,500ml,11010.26
3394,2015-02-28,shop_3,adult-cola,plastic,14576,1.5lt,25025.38
3395,2015-02-28,shop_3,adult-cola,can,14340,330ml,9504.94
3396,2015-02-28,shop_3,orange-power,glass,17910,500ml,14109.75
3397,2015-02-28,shop_3,orange-power,plastic,28080,1.5lt,-16385.09
3398,2015-02-28,shop_3,orange-power,can,22561,330ml,8604.35
3399,2015-02-28,shop_3,gazoza,glass,18651,500ml,11588.67
3400,2015-02-28,shop_3,gazoza,plastic,13406,1.5lt,15246.3
3401,2015-02-28,shop_3,gazoza,can,11536,330ml,5073.09
3402,2015-02-28,shop_3,lemon-boost,glass,10208,500ml,8576.58
3403,2015-02-28,shop_3,lemon-boost,plastic,6539,1.5lt,15263.06
3404,2015-02-28,shop_3,lemon-boost,can,16224,330ml,6337.99
3420,2015-03-31,shop_1,kinder-cola,glass,14878,500ml,18555.76
3421,2015-03-31,shop_1,kinder-cola,plastic,14100,1.5lt,31910.87
3422,2015-03-31,shop_1,kinder-cola,can,12738,330ml,10266.91
3423,2015-03-31,shop_1,adult-cola,glass,23388,500ml,24888.73
3424,2015-03-31,shop_1,adult-cola,plastic,19357,1.5lt,42703.24
3425,2015-03-31,shop_1,adult-cola,can,24941,330ml,15275.53
3426,2015-03-31,shop_1,orange-power,glass,29524,500ml,25848.39
3427,2015-03-31,shop_1,orange-power,plastic,32441,1.5lt,41632.36
3428,2015-03-31,shop_1,orange-power,can,43800,330ml,18625.87
3429,2015-03-31,shop_1,gazoza,glass,36611,500ml,23476.0
3430,2015-03-31,shop_1,gazoza,plastic,27203,1.5lt,30616.35
3431,2015-03-31,shop_1,gazoza,can,34339,330ml,13091.44
3432,2015-03-31,shop_1,lemon-boost,glass,21402,500ml,17797.28
3433,2015-03-31,shop_1,lemon-boost,plastic,13993,1.5lt,28864.1
3434,2015-03-31,shop_1,lemon-boost,can,25774,330ml,12306.94
3435,2015-03-31,shop_2,kinder-cola,glass,15121,500ml,18182.23
3436,2015-03-31,shop_2,kinder-cola,plastic,10145,1.5lt,32818.48
3437,2015-03-31,shop_2,kinder-cola,can,11613,330ml,11551.51
3438,2015-03-31,shop_2,adult-cola,glass,22805,500ml,25352.63
3439,2015-03-31,shop_2,adult-cola,plastic,18991,1.5lt,45394.37
3440,2015-03-31,shop_2,adult-cola,can,42738,330ml,11903.69
3441,2015-03-31,shop_2,orange-power,glass,46076,500ml,32846.13
3442,2015-03-31,shop_2,orange-power,plastic,29056,1.5lt,43801.81
3443,2015-03-31,shop_2,orange-power,can,32274,330ml,18634.07
3444,2015-03-31,shop_2,gazoza,glass,45199,500ml,28751.14
3445,2015-03-31,shop_2,gazoza,plastic,27553,1.5lt,31078.99
3446,2015-03-31,shop_2,gazoza,can,62639,330ml,18629.92
3447,2015-03-31,shop_2,lemon-boost,glass,14396,500ml,16817.27
3448,2015-03-31,shop_2,lemon-boost,plastic,17966,1.5lt,32680.98
3449,2015-03-31,shop_2,lemon-boost,can,23660,330ml,14127.43
3450,2015-03-31,shop_6,kinder-cola,glass,23023,500ml,27108.6
3451,2015-03-31,shop_6,kinder-cola,plastic,7491,1.5lt,32683.28
3452,2015-03-31,shop_6,kinder-cola,can,24729,330ml,17729.45
3453,2015-03-31,shop_6,adult-cola,glass,38283,500ml,43988.17
3454,2015-03-31,shop_6,adult-cola,plastic,25705,1.5lt,57925.1
3455,2015-03-31,shop_6,adult-cola,can,47183,330ml,27652.59
3456,2015-03-31,shop_6,orange-power,glass,54832,500ml,35077.86
3457,2015-03-31,shop_6,orange-power,plastic,38757,1.5lt,60915.92
3458,2015-03-31,shop_6,orange-power,can,63895,330ml,27191.33
3459,2015-03-31,shop_6,gazoza,glass,35889,500ml,26719.94
3460,2015-03-31,shop_6,gazoza,plastic,45328,1.5lt,41948.69
3461,2015-03-31,shop_6,gazoza,can,74846,330ml,23187.77
3462,2015-03-31,shop_6,lemon-boost,glass,29995,500ml,28255.45
3463,2015-03-31,shop_6,lemon-boost,plastic,25833,1.5lt,44894.71
3464,2015-03-31,shop_6,lemon-boost,can,30053,330ml,18078.61
3465,2015-03-31,shop_4,kinder-cola,glass,11074,500ml,17934.38
3466,2015-03-31,shop_4,kinder-cola,plastic,8974,1.5lt,33127.22
3467,2015-03-31,shop_4,kinder-cola,can,20061,330ml,14218.76
3468,2015-03-31,shop_4,adult-cola,glass,16453,500ml,24241.02
3469,2015-03-31,shop_4,adult-cola,plastic,21447,1.5lt,59553.75
3470,2015-03-31,shop_4,adult-cola,can,22280,330ml,17381.05
3471,2015-03-31,shop_4,orange-power,glass,54138,500ml,40355.96
3472,2015-03-31,shop_4,orange-power,plastic,20988,1.5lt,42210.34
3473,2015-03-31,shop_4,orange-power,can,62979,330ml,19870.35
3474,2015-03-31,shop_4,gazoza,glass,45372,500ml,30136.73
3475,2015-03-31,shop_4,gazoza,plastic,20340,1.5lt,29859.32
3476,2015-03-31,shop_4,gazoza,can,44935,330ml,16840.89
3477,2015-03-31,shop_4,lemon-boost,glass,23003,500ml,24482.5
3478,2015-03-31,shop_4,lemon-boost,plastic,19524,1.5lt,37286.21
3479,2015-03-31,shop_4,lemon-boost,can,31448,330ml,12907.9
3480,2015-03-31,shop_3,kinder-cola,glass,11446,500ml,14031.63
3481,2015-03-31,shop_3,kinder-cola,plastic,10701,1.5lt,18399.23
3482,2015-03-31,shop_3,kinder-cola,can,12526,330ml,9231.84
3483,2015-03-31,shop_3,adult-cola,glass,15583,500ml,18089.05
3484,2015-03-31,shop_3,adult-cola,plastic,8931,1.5lt,27397.7
3485,2015-03-31,shop_3,adult-cola,can,19001,330ml,12531.14
3486,2015-03-31,shop_3,orange-power,glass,19143,500ml,18015.25
3487,2015-03-31,shop_3,orange-power,plastic,25504,1.5lt,26912.66
3488,2015-03-31,shop_3,orange-power,can,26020,330ml,12109.92
3489,2015-03-31,shop_3,gazoza,glass,25947,500ml,17213.32
3490,2015-03-31,shop_3,gazoza,plastic,20760,1.5lt,21899.61
3491,2015-03-31,shop_3,gazoza,can,30242,330ml,10982.82
3492,2015-03-31,shop_3,lemon-boost,glass,20161,500ml,15510.08
3493,2015-03-31,shop_3,lemon-boost,plastic,12586,1.5lt,22153.04
3494,2015-03-31,shop_3,lemon-boost,can,22438,330ml,9727.68
3510,2015-04-30,shop_1,kinder-cola,glass,12841,500ml,17488.86
3511,2015-04-30,shop_1,kinder-cola,plastic,12169,1.5lt,36900.37
3512,2015-04-30,shop_1,kinder-cola,can,15669,330ml,12492.15
3513,2015-04-30,shop_1,adult-cola,glass,33732,500ml,27971.59
3514,2015-04-30,shop_1,adult-cola,plastic,29558,1.5lt,27139.01
3515,2015-04-30,shop_1,adult-cola,can,20237,330ml,16280.15
3516,2015-04-30,shop_1,orange-power,glass,24931,500ml,25806.66
3517,2015-04-30,shop_1,orange-power,plastic,30468,1.5lt,38556.21
3518,2015-04-30,shop_1,orange-power,can,38234,330ml,20170.55
3519,2015-04-30,shop_1,gazoza,glass,23206,500ml,17936.59
3520,2015-04-30,shop_1,gazoza,plastic,34106,1.5lt,34176.81
3521,2015-04-30,shop_1,gazoza,can,25159,330ml,10808.05
3522,2015-04-30,shop_1,lemon-boost,glass,22631,500ml,19832.15
3523,2015-04-30,shop_1,lemon-boost,plastic,15232,1.5lt,26361.69
3524,2015-04-30,shop_1,lemon-boost,can,24176,330ml,15077.78
3525,2015-04-30,shop_2,kinder-cola,glass,19815,500ml,22888.91
3526,2015-04-30,shop_2,kinder-cola,plastic,13365,1.5lt,43016.36
3527,2015-04-30,shop_2,kinder-cola,can,22632,330ml,16044.36
3528,2015-04-30,shop_2,adult-cola,glass,32206,500ml,33927.81
3529,2015-04-30,shop_2,adult-cola,plastic,21998,1.5lt,48537.83
3530,2015-04-30,shop_2,adult-cola,can,32513,330ml,23992.19
3531,2015-04-30,shop_2,orange-power,glass,43358,500ml,35456.17
3532,2015-04-30,shop_2,orange-power,plastic,28201,1.5lt,45393.81
3533,2015-04-30,shop_2,orange-power,can,37948,330ml,21456.62
3534,2015-04-30,shop_2,gazoza,glass,45002,500ml,28092.37
3535,2015-04-30,shop_2,gazoza,plastic,44152,1.5lt,36006.41
3536,2015-04-30,shop_2,gazoza,can,53674,330ml,19505.4
3537,2015-04-30,shop_2,lemon-boost,glass,36408,500ml,27994.77
3538,2015-04-30,shop_2,lemon-boost,plastic,25378,1.5lt,41748.87
3539,2015-04-30,shop_2,lemon-boost,can,15935,330ml,11410.97
3540,2015-04-30,shop_6,kinder-cola,glass,26309,500ml,32103.47
3541,2015-04-30,shop_6,kinder-cola,plastic,16279,1.5lt,56745.86
3542,2015-04-30,shop_6,kinder-cola,can,22377,330ml,20255.49
3543,2015-04-30,shop_6,adult-cola,glass,42410,500ml,43501.25
3544,2015-04-30,shop_6,adult-cola,plastic,24185,1.5lt,71961.06
3545,2015-04-30,shop_6,adult-cola,can,62216,330ml,35051.49
3546,2015-04-30,shop_6,orange-power,glass,77960,500ml,46046.02
3547,2015-04-30,shop_6,orange-power,plastic,45437,1.5lt,71390.1
3548,2015-04-30,shop_6,orange-power,can,49715,330ml,27818.58
3549,2015-04-30,shop_6,gazoza,glass,91516,500ml,50620.61
3550,2015-04-30,shop_6,gazoza,plastic,41788,1.5lt,52111.32
3551,2015-04-30,shop_6,gazoza,can,82016,330ml,24520.92
3552,2015-04-30,shop_6,lemon-boost,glass,31938,500ml,32101.44
3553,2015-04-30,shop_6,lemon-boost,plastic,33528,1.5lt,55187.86
3554,2015-04-30,shop_6,lemon-boost,can,44225,330ml,21893.53
3555,2015-04-30,shop_4,kinder-cola,glass,17809,500ml,21846.89
3556,2015-04-30,shop_4,kinder-cola,plastic,13663,1.5lt,46472.56
3557,2015-04-30,shop_4,kinder-cola,can,18317,330ml,15835.84
3558,2015-04-30,shop_4,adult-cola,glass,46043,500ml,43543.42
3559,2015-04-30,shop_4,adult-cola,plastic,26448,1.5lt,62482.76
3560,2015-04-30,shop_4,adult-cola,can,25701,330ml,21830.11
3561,2015-04-30,shop_4,orange-power,glass,58440,500ml,40567.71
3562,2015-04-30,shop_4,orange-power,plastic,27957,1.5lt,52574.47
3563,2015-04-30,shop_4,orange-power,can,52385,330ml,23924.13
3564,2015-04-30,shop_4,gazoza,glass,65661,500ml,39825.85
3565,2015-04-30,shop_4,gazoza,plastic,31845,1.5lt,35850.29
3566,2015-04-30,shop_4,gazoza,can,68996,330ml,21391.8
3567,2015-04-30,shop_4,lemon-boost,glass,20371,500ml,22388.77
3568,2015-04-30,shop_4,lemon-boost,plastic,21458,1.5lt,42966.06
3569,2015-04-30,shop_4,lemon-boost,can,35678,330ml,20868.23
3570,2015-04-30,shop_3,kinder-cola,glass,8421,500ml,12994.87
3571,2015-04-30,shop_3,kinder-cola,plastic,7546,1.5lt,26640.44
3572,2015-04-30,shop_3,kinder-cola,can,20764,330ml,14894.38
3573,2015-04-30,shop_3,adult-cola,glass,19109,500ml,20232.45
3574,2015-04-30,shop_3,adult-cola,plastic,13434,1.5lt,35096.72
3575,2015-04-30,shop_3,adult-cola,can,27321,330ml,16131.57
3576,2015-04-30,shop_3,orange-power,glass,15213,500ml,16542.34
3577,2015-04-30,shop_3,orange-power,plastic,12289,1.5lt,28837.06
3578,2015-04-30,shop_3,orange-power,can,33523,330ml,15397.47
3579,2015-04-30,shop_3,gazoza,glass,13584,500ml,11154.99
3580,2015-04-30,shop_3,gazoza,plastic,19141,1.5lt,23622.72
3581,2015-04-30,shop_3,gazoza,can,31578,330ml,11722.8
3582,2015-04-30,shop_3,lemon-boost,glass,12260,500ml,14749.98
3583,2015-04-30,shop_3,lemon-boost,plastic,19996,1.5lt,29413.31
3584,2015-04-30,shop_3,lemon-boost,can,19651,330ml,9740.6
3600,2015-05-31,shop_1,kinder-cola,glass,22210,500ml,22321.17
3601,2015-05-31,shop_1,kinder-cola,plastic,15762,1.5lt,42488.46
3602,2015-05-31,shop_1,kinder-cola,can,20419,330ml,16141.52
3603,2015-05-31,shop_1,adult-cola,glass,21280,500ml,28389.7
3604,2015-05-31,shop_1,adult-cola,plastic,25141,1.5lt,32735.33
3605,2015-05-31,shop_1,adult-cola,can,20075,330ml,17382.4
3606,2015-05-31,shop_1,orange-power,glass,45460,500ml,37989.84
3607,2015-05-31,shop_1,orange-power,plastic,23130,1.5lt,45139.01
3608,2015-05-31,shop_1,orange-power,can,48472,330ml,21414.78
3609,2015-05-31,shop_1,gazoza,glass,56241,500ml,31376.8
3610,2015-05-31,shop_1,gazoza,plastic,43836,1.5lt,33940.22
3611,2015-05-31,shop_1,gazoza,can,38536,330ml,15282.98
3612,2015-05-31,shop_1,lemon-boost,glass,14545,500ml,16424.39
3613,2015-05-31,shop_1,lemon-boost,plastic,18109,1.5lt,35664.16
3614,2015-05-31,shop_1,lemon-boost,can,34355,330ml,19260.65
3615,2015-05-31,shop_2,kinder-cola,glass,16917,500ml,23993.9
3616,2015-05-31,shop_2,kinder-cola,plastic,15611,1.5lt,48214.07
3617,2015-05-31,shop_2,kinder-cola,can,19918,330ml,17809.84
3618,2015-05-31,shop_2,adult-cola,glass,25714,500ml,31743.48
3619,2015-05-31,shop_2,adult-cola,plastic,30267,1.5lt,67546.13
3620,2015-05-31,shop_2,adult-cola,can,44052,330ml,26233.94
3621,2015-05-31,shop_2,orange-power,glass,32148,500ml,32591.99
3622,2015-05-31,shop_2,orange-power,plastic,37972,1.5lt,57594.27
3623,2015-05-31,shop_2,orange-power,can,52945,330ml,27031.36
3624,2015-05-31,shop_2,gazoza,glass,53981,500ml,33132.37
3625,2015-05-31,shop_2,gazoza,plastic,50130,1.5lt,48722.59
3626,2015-05-31,shop_2,gazoza,can,83601,330ml,21346.12
3627,2015-05-31,shop_2,lemon-boost,glass,32557,500ml,27029.17
3628,2015-05-31,shop_2,lemon-boost,plastic,21060,1.5lt,45538.57
3629,2015-05-31,shop_2,lemon-boost,can,53763,330ml,17701.85
3630,2015-05-31,shop_6,kinder-cola,glass,27289,500ml,37879.0
3631,2015-05-31,shop_6,kinder-cola,plastic,17466,1.5lt,62617.07
3632,2015-05-31,shop_6,kinder-cola,can,33167,330ml,24035.52
3633,2015-05-31,shop_6,adult-cola,glass,49039,500ml,51898.17
3634,2015-05-31,shop_6,adult-cola,plastic,31897,1.5lt,82041.68
3635,2015-05-31,shop_6,adult-cola,can,62575,330ml,37022.32
3636,2015-05-31,shop_6,orange-power,glass,68112,500ml,54385.58
3637,2015-05-31,shop_6,orange-power,plastic,33385,1.5lt,72290.78
3638,2015-05-31,shop_6,orange-power,can,51522,330ml,30645.59
3639,2015-05-31,shop_6,gazoza,glass,67864,500ml,43634.27
3640,2015-05-31,shop_6,gazoza,plastic,47306,1.5lt,57104.28
3641,2015-05-31,shop_6,gazoza,can,73695,330ml,27773.13
3642,2015-05-31,shop_6,lemon-boost,glass,39169,500ml,37278.84
3643,2015-05-31,shop_6,lemon-boost,plastic,29015,1.5lt,60614.65
3644,2015-05-31,shop_6,lemon-boost,can,65412,330ml,26901.62
3645,2015-05-31,shop_4,kinder-cola,glass,23320,500ml,31426.53
3646,2015-05-31,shop_4,kinder-cola,plastic,17174,1.5lt,44384.18
3647,2015-05-31,shop_4,kinder-cola,can,39611,330ml,20357.8
3648,2015-05-31,shop_4,adult-cola,glass,39520,500ml,43658.97
3649,2015-05-31,shop_4,adult-cola,plastic,28845,1.5lt,71490.96
3650,2015-05-31,shop_4,adult-cola,can,26482,330ml,22589.42
3651,2015-05-31,shop_4,orange-power,glass,42182,500ml,38574.32
3652,2015-05-31,shop_4,orange-power,plastic,21462,1.5lt,53228.39
3653,2015-05-31,shop_4,orange-power,can,68317,330ml,30441.09
3654,2015-05-31,shop_4,gazoza,glass,62135,500ml,36525.26
3655,2015-05-31,shop_4,gazoza,plastic,55977,1.5lt,46454.87
3656,2015-05-31,shop_4,gazoza,can,55433,330ml,21052.55
3657,2015-05-31,shop_4,lemon-boost,glass,21127,500ml,24979.75
3658,2015-05-31,shop_4,lemon-boost,plastic,25502,1.5lt,50581.44
3659,2015-05-31,shop_4,lemon-boost,can,42508,330ml,24034.54
3660,2015-05-31,shop_3,kinder-cola,glass,15229,500ml,16205.83
3661,2015-05-31,shop_3,kinder-cola,plastic,13262,1.5lt,33520.16
3662,2015-05-31,shop_3,kinder-cola,can,12884,330ml,11009.55
3663,2015-05-31,shop_3,adult-cola,glass,20783,500ml,24898.85
3664,2015-05-31,shop_3,adult-cola,plastic,14456,1.5lt,41372.06
3665,2015-05-31,shop_3,adult-cola,can,27586,330ml,18979.85
3666,2015-05-31,shop_3,orange-power,glass,20121,500ml,20555.44
3667,2015-05-31,shop_3,orange-power,plastic,20165,1.5lt,35063.7
3668,2015-05-31,shop_3,orange-power,can,37650,330ml,16753.41
3669,2015-05-31,shop_3,gazoza,glass,43809,500ml,25062.85
3670,2015-05-31,shop_3,gazoza,plastic,26599,1.5lt,30473.2
3671,2015-05-31,shop_3,gazoza,can,42036,330ml,14292.19
3672,2015-05-31,shop_3,lemon-boost,glass,9440,500ml,11907.15
3673,2015-05-31,shop_3,lemon-boost,plastic,21365,1.5lt,33883.75
3674,2015-05-31,shop_3,lemon-boost,can,17998,330ml,10591.52
3690,2015-06-30,shop_1,kinder-cola,glass,15994,500ml,23010.96
3691,2015-06-30,shop_1,kinder-cola,plastic,12306,1.5lt,41790.83
3692,2015-06-30,shop_1,kinder-cola,can,28902,330ml,15283.35
3693,2015-06-30,shop_1,adult-cola,glass,26319,500ml,31017.87
3694,2015-06-30,shop_1,adult-cola,plastic,23339,1.5lt,53327.23
3695,2015-06-30,shop_1,adult-cola,can,32072,330ml,23334.61
3696,2015-06-30,shop_1,orange-power,glass,29927,500ml,29797.93
3697,2015-06-30,shop_1,orange-power,plastic,44025,1.5lt,38988.98
3698,2015-06-30,shop_1,orange-power,can,30715,330ml,18954.05
3699,2015-06-30,shop_1,gazoza,glass,58662,500ml,34446.91
3700,2015-06-30,shop_1,gazoza,plastic,41517,1.5lt,43811.78
3701,2015-06-30,shop_1,gazoza,can,56576,330ml,20400.23
3702,2015-06-30,shop_1,lemon-boost,glass,17943,500ml,20822.29
3703,2015-06-30,shop_1,lemon-boost,plastic,22621,1.5lt,39246.11
3704,2015-06-30,shop_1,lemon-boost,can,30584,330ml,16995.29
3705,2015-06-30,shop_2,kinder-cola,glass,25378,500ml,31835.31
3706,2015-06-30,shop_2,kinder-cola,plastic,14073,1.5lt,47757.57
3707,2015-06-30,shop_2,kinder-cola,can,28913,330ml,23768.68
3708,2015-06-30,shop_2,adult-cola,glass,47226,500ml,46327.05
3709,2015-06-30,shop_2,adult-cola,plastic,20433,1.5lt,63290.74
3710,2015-06-30,shop_2,adult-cola,can,52350,330ml,30769.52
3711,2015-06-30,shop_2,orange-power,glass,68149,500ml,47888.13
3712,2015-06-30,shop_2,orange-power,plastic,32458,1.5lt,65863.88
3713,2015-06-30,shop_2,orange-power,can,44852,330ml,24862.17
3714,2015-06-30,shop_2,gazoza,glass,46415,500ml,33283.66
3715,2015-06-30,shop_2,gazoza,plastic,43709,1.5lt,44948.69
3716,2015-06-30,shop_2,gazoza,can,77360,330ml,25629.2
3717,2015-06-30,shop_2,lemon-boost,glass,37837,500ml,34226.66
3718,2015-06-30,shop_2,lemon-boost,plastic,20865,1.5lt,52352.03
3719,2015-06-30,shop_2,lemon-boost,can,35275,330ml,21490.74
3720,2015-06-30,shop_6,kinder-cola,glass,46224,500ml,44177.98
3721,2015-06-30,shop_6,kinder-cola,plastic,26954,1.5lt,65773.29
3722,2015-06-30,shop_6,kinder-cola,can,26571,330ml,26404.28
3723,2015-06-30,shop_6,adult-cola,glass,38040,500ml,45326.02
3724,2015-06-30,shop_6,adult-cola,plastic,42611,1.5lt,91281.43
3725,2015-06-30,shop_6,adult-cola,can,69470,330ml,37606.31
3726,2015-06-30,shop_6,orange-power,glass,74253,500ml,59790.15
3727,2015-06-30,shop_6,orange-power,plastic,40662,1.5lt,81304.5
3728,2015-06-30,shop_6,orange-power,can,67693,330ml,35383.86
3729,2015-06-30,shop_6,gazoza,glass,102398,500ml,63278.86
3730,2015-06-30,shop_6,gazoza,plastic,47525,1.5lt,59403.78
3731,2015-06-30,shop_6,gazoza,can,105159,330ml,33665.76
3732,2015-06-30,shop_6,lemon-boost,glass,57315,500ml,47534.71
3733,2015-06-30,shop_6,lemon-boost,plastic,24311,1.5lt,56645.22
3734,2015-06-30,shop_6,lemon-boost,can,51322,330ml,29319.9
3735,2015-06-30,shop_4,kinder-cola,glass,25167,500ml,31646.24
3736,2015-06-30,shop_4,kinder-cola,plastic,16822,1.5lt,57952.9
3737,2015-06-30,shop_4,kinder-cola,can,33685,330ml,21983.86
3738,2015-06-30,shop_4,adult-cola,glass,31103,500ml,39444.06
3739,2015-06-30,shop_4,adult-cola,plastic,33413,1.5lt,79164.81
3740,2015-06-30,shop_4,adult-cola,can,53862,330ml,35039.53
3741,2015-06-30,shop_4,orange-power,glass,78101,500ml,44229.42
3742,2015-06-30,shop_4,orange-power,plastic,43479,1.5lt,74743.28
3743,2015-06-30,shop_4,orange-power,can,98560,330ml,27938.49
3744,2015-06-30,shop_4,gazoza,glass,68413,500ml,41672.5
3745,2015-06-30,shop_4,gazoza,plastic,43739,1.5lt,47715.88
3746,2015-06-30,shop_4,gazoza,can,95120,330ml,29029.88
3747,2015-06-30,shop_4,lemon-boost,glass,43397,500ml,33644.22
3748,2015-06-30,shop_4,lemon-boost,plastic,22728,1.5lt,55303.67
3749,2015-06-30,shop_4,lemon-boost,can,43435,330ml,22423.93
3750,2015-06-30,shop_3,kinder-cola,glass,13938,500ml,20496.05
3751,2015-06-30,shop_3,kinder-cola,plastic,19866,1.5lt,10753.67
3752,2015-06-30,shop_3,kinder-cola,can,11009,330ml,11773.76
3753,2015-06-30,shop_3,adult-cola,glass,16330,500ml,21694.47
3754,2015-06-30,shop_3,adult-cola,plastic,8068,1.5lt,32625.05
3755,2015-06-30,shop_3,adult-cola,can,31618,330ml,20902.56
3756,2015-06-30,shop_3,orange-power,glass,26642,500ml,26585.93
3757,2015-06-30,shop_3,orange-power,plastic,27188,1.5lt,45188.06
3758,2015-06-30,shop_3,orange-power,can,34386,330ml,18159.68
3759,2015-06-30,shop_3,gazoza,glass,26139,500ml,19935.14
3760,2015-06-30,shop_3,gazoza,plastic,35019,1.5lt,32133.18
3761,2015-06-30,shop_3,gazoza,can,63652,330ml,18102.91
3762,2015-06-30,shop_3,lemon-boost,glass,17745,500ml,19327.92
3763,2015-06-30,shop_3,lemon-boost,plastic,14444,1.5lt,27950.84
3764,2015-06-30,shop_3,lemon-boost,can,30679,330ml,17002.97
3780,2015-07-31,shop_1,kinder-cola,glass,13875,500ml,22332.61
3781,2015-07-31,shop_1,kinder-cola,plastic,16467,1.5lt,49720.97
3782,2015-07-31,shop_1,kinder-cola,can,28117,330ml,21228.36
3783,2015-07-31,shop_1,adult-cola,glass,38276,500ml,31342.26
3784,2015-07-31,shop_1,adult-cola,plastic,19605,1.5lt,57488.93
3785,2015-07-31,shop_1,adult-cola,can,45512,330ml,29873.31
3786,2015-07-31,shop_1,orange-power,glass,35532,500ml,34323.38
3787,2015-07-31,shop_1,orange-power,plastic,54488,1.5lt,17617.79
3788,2015-07-31,shop_1,orange-power,can,39857,330ml,23807.18
3789,2015-07-31,shop_1,gazoza,glass,72618,500ml,40904.76
3790,2015-07-31,shop_1,gazoza,plastic,31698,1.5lt,40250.78
3791,2015-07-31,shop_1,gazoza,can,67293,330ml,20648.76
3792,2015-07-31,shop_1,lemon-boost,glass,40284,500ml,35066.92
3793,2015-07-31,shop_1,lemon-boost,plastic,28896,1.5lt,45356.17
3794,2015-07-31,shop_1,lemon-boost,can,38832,330ml,20753.03
3795,2015-07-31,shop_2,kinder-cola,glass,32664,500ml,35032.83
3796,2015-07-31,shop_2,kinder-cola,plastic,17852,1.5lt,60263.64
3797,2015-07-31,shop_2,kinder-cola,can,28185,330ml,22194.95
3798,2015-07-31,shop_2,adult-cola,glass,41247,500ml,45555.04
3799,2015-07-31,shop_2,adult-cola,plastic,26599,1.5lt,66736.52
3800,2015-07-31,shop_2,adult-cola,can,45110,330ml,31829.93
3801,2015-07-31,shop_2,orange-power,glass,96045,500ml,58058.1
3802,2015-07-31,shop_2,orange-power,plastic,29170,1.5lt,60409.78
3803,2015-07-31,shop_2,orange-power,can,43637,330ml,25666.57
3804,2015-07-31,shop_2,gazoza,glass,76956,500ml,46214.17
3805,2015-07-31,shop_2,gazoza,plastic,50187,1.5lt,55584.64
3806,2015-07-31,shop_2,gazoza,can,70720,330ml,28022.99
3807,2015-07-31,shop_2,lemon-boost,glass,40118,500ml,39370.56
3808,2015-07-31,shop_2,lemon-boost,plastic,20629,1.5lt,50604.29
3809,2015-07-31,shop_2,lemon-boost,can,67979,330ml,22611.26
3810,2015-07-31,shop_6,kinder-cola,glass,31349,500ml,44358.89
3811,2015-07-31,shop_6,kinder-cola,plastic,22745,1.5lt,77070.41
3812,2015-07-31,shop_6,kinder-cola,can,39113,330ml,31053.68
3813,2015-07-31,shop_6,adult-cola,glass,74104,500ml,66504.62
3814,2015-07-31,shop_6,adult-cola,plastic,40361,1.5lt,103763.04
3815,2015-07-31,shop_6,adult-cola,can,97326,330ml,42556.12
3816,2015-07-31,shop_6,orange-power,glass,77148,500ml,64620.74
3817,2015-07-31,shop_6,orange-power,plastic,56913,1.5lt,105771.9
3818,2015-07-31,shop_6,orange-power,can,82723,330ml,42112.39
3819,2015-07-31,shop_6,gazoza,glass,94878,500ml,60563.52
3820,2015-07-31,shop_6,gazoza,plastic,72176,1.5lt,76009.92
3821,2015-07-31,shop_6,gazoza,can,92806,330ml,31776.69
3822,2015-07-31,shop_6,lemon-boost,glass,51848,500ml,48160.67
3823,2015-07-31,shop_6,lemon-boost,plastic,44112,1.5lt,79389.29
3824,2015-07-31,shop_6,lemon-boost,can,65092,330ml,33461.15
3825,2015-07-31,shop_4,kinder-cola,glass,19098,500ml,29995.23
3826,2015-07-31,shop_4,kinder-cola,plastic,27545,1.5lt,59649.23
3827,2015-07-31,shop_4,kinder-cola,can,35387,330ml,22323.55
3828,2015-07-31,shop_4,adult-cola,glass,44821,500ml,47516.2
3829,2015-07-31,shop_4,adult-cola,plastic,34395,1.5lt,83689.71
3830,2015-07-31,shop_4,adult-cola,can,57442,330ml,34978.49
3831,2015-07-31,shop_4,orange-power,glass,42477,500ml,41185.32
3832,2015-07-31,shop_4,orange-power,plastic,38458,1.5lt,75642.89
3833,2015-07-31,shop_4,orange-power,can,88685,330ml,35774.53
3834,2015-07-31,shop_4,gazoza,glass,56069,500ml,39714.63
3835,2015-07-31,shop_4,gazoza,plastic,42914,1.5lt,58864.77
3836,2015-07-31,shop_4,gazoza,can,70264,330ml,26053.21
3837,2015-07-31,shop_4,lemon-boost,glass,37282,500ml,37438.49
3838,2015-07-31,shop_4,lemon-boost,plastic,34663,1.5lt,65057.56
3839,2015-07-31,shop_4,lemon-boost,can,49928,330ml,26816.16
3840,2015-07-31,shop_3,kinder-cola,glass,9724,500ml,16418.84
3841,2015-07-31,shop_3,kinder-cola,plastic,16330,1.5lt,30972.39
3842,2015-07-31,shop_3,kinder-cola,can,17781,330ml,15762.89
3843,2015-07-31,shop_3,adult-cola,glass,23822,500ml,28975.81
3844,2015-07-31,shop_3,adult-cola,plastic,19303,1.5lt,39570.66
3845,2015-07-31,shop_3,adult-cola,can,45899,330ml,24744.36
3846,2015-07-31,shop_3,orange-power,glass,51333,500ml,40029.39
3847,2015-07-31,shop_3,orange-power,plastic,32117,1.5lt,60792.94
3848,2015-07-31,shop_3,orange-power,can,46736,330ml,25178.05
3849,2015-07-31,shop_3,gazoza,glass,50008,500ml,31618.01
3850,2015-07-31,shop_3,gazoza,plastic,27106,1.5lt,32581.63
3851,2015-07-31,shop_3,gazoza,can,48394,330ml,17389.05
3852,2015-07-31,shop_3,lemon-boost,glass,25779,500ml,24618.81
3853,2015-07-31,shop_3,lemon-boost,plastic,10160,1.5lt,27843.94
3854,2015-07-31,shop_3,lemon-boost,can,21711,330ml,15269.39
3870,2015-08-31,shop_1,kinder-cola,glass,12806,500ml,19813.87
3871,2015-08-31,shop_1,kinder-cola,plastic,18413,1.5lt,47150.81
3872,2015-08-31,shop_1,kinder-cola,can,16720,330ml,15221.08
3873,2015-08-31,shop_1,adult-cola,glass,48911,500ml,27233.17
3874,2015-08-31,shop_1,adult-cola,plastic,19024,1.5lt,60039.14
3875,2015-08-31,shop_1,adult-cola,can,40419,330ml,23007.23
3876,2015-08-31,shop_1,orange-power,glass,30040,500ml,29413.73
3877,2015-08-31,shop_1,orange-power,plastic,34732,1.5lt,48031.14
3878,2015-08-31,shop_1,orange-power,can,58645,330ml,24535.62
3879,2015-08-31,shop_1,gazoza,glass,51050,500ml,29743.21
3880,2015-08-31,shop_1,gazoza,plastic,30338,1.5lt,38852.51
3881,2015-08-31,shop_1,gazoza,can,43654,330ml,15278.82
3882,2015-08-31,shop_1,lemon-boost,glass,25660,500ml,26519.82
3883,2015-08-31,shop_1,lemon-boost,plastic,26573,1.5lt,41620.8
3884,2015-08-31,shop_1,lemon-boost,can,35375,330ml,18814.54
3885,2015-08-31,shop_2,kinder-cola,glass,19581,500ml,24919.9
3886,2015-08-31,shop_2,kinder-cola,plastic,16506,1.5lt,49556.11
3887,2015-08-31,shop_2,kinder-cola,can,28908,330ml,18699.43
3888,2015-08-31,shop_2,adult-cola,glass,45029,500ml,44574.65
3889,2015-08-31,shop_2,adult-cola,plastic,36164,1.5lt,68841.5
3890,2015-08-31,shop_2,adult-cola,can,42045,330ml,24725.37
3891,2015-08-31,shop_2,orange-power,glass,31441,500ml,32023.78
3892,2015-08-31,shop_2,orange-power,plastic,27107,1.5lt,57845.29
3893,2015-08-31,shop_2,orange-power,can,54801,330ml,26031.31
3894,2015-08-31,shop_2,gazoza,glass,42821,500ml,30611.48
3895,2015-08-31,shop_2,gazoza,plastic,30231,1.5lt,38498.98
3896,2015-08-31,shop_2,gazoza,can,62577,330ml,20785.98
3897,2015-08-31,shop_2,lemon-boost,glass,42090,500ml,31248.83
3898,2015-08-31,shop_2,lemon-boost,plastic,24534,1.5lt,46681.17
3899,2015-08-31,shop_2,lemon-boost,can,38612,330ml,21312.43
3900,2015-08-31,shop_6,kinder-cola,glass,28089,500ml,37751.24
3901,2015-08-31,shop_6,kinder-cola,plastic,23488,1.5lt,62688.99
3902,2015-08-31,shop_6,kinder-cola,can,31911,330ml,27833.26
3903,2015-08-31,shop_6,adult-cola,glass,27718,500ml,41947.5
3904,2015-08-31,shop_6,adult-cola,plastic,29904,1.5lt,90453.7
3905,2015-08-31,shop_6,adult-cola,can,78633,330ml,37636.88
3906,2015-08-31,shop_6,orange-power,glass,48700,500ml,43546.72
3907,2015-08-31,shop_6,orange-power,plastic,32465,1.5lt,64976.54
3908,2015-08-31,shop_6,orange-power,can,42481,330ml,26341.52
3909,2015-08-31,shop_6,gazoza,glass,74009,500ml,50705.66
3910,2015-08-31,shop_6,gazoza,plastic,63667,1.5lt,61275.31
3911,2015-08-31,shop_6,gazoza,can,69500,330ml,27299.0
3912,2015-08-31,shop_6,lemon-boost,glass,42923,500ml,44696.49
3913,2015-08-31,shop_6,lemon-boost,plastic,30493,1.5lt,68042.96
3914,2015-08-31,shop_6,lemon-boost,can,56209,330ml,32020.99
3915,2015-08-31,shop_4,kinder-cola,glass,18154,500ml,26183.44
3916,2015-08-31,shop_4,kinder-cola,plastic,23793,1.5lt,46951.23
3917,2015-08-31,shop_4,kinder-cola,can,26605,330ml,20024.24
3918,2015-08-31,shop_4,adult-cola,glass,43510,500ml,49035.09
3919,2015-08-31,shop_4,adult-cola,plastic,23755,1.5lt,68811.25
3920,2015-08-31,shop_4,adult-cola,can,49717,330ml,29872.76
3921,2015-08-31,shop_4,orange-power,glass,45914,500ml,40863.58
3922,2015-08-31,shop_4,orange-power,plastic,31626,1.5lt,65679.03
3923,2015-08-31,shop_4,orange-power,can,60495,330ml,27828.96
3924,2015-08-31,shop_4,gazoza,glass,75806,500ml,45897.66
3925,2015-08-31,shop_4,gazoza,plastic,26590,1.5lt,39816.02
3926,2015-08-31,shop_4,gazoza,can,71628,330ml,25746.87
3927,2015-08-31,shop_4,lemon-boost,glass,49162,500ml,36444.66
3928,2015-08-31,shop_4,lemon-boost,plastic,25024,1.5lt,58248.93
3929,2015-08-31,shop_4,lemon-boost,can,26577,330ml,17050.28
3930,2015-08-31,shop_3,kinder-cola,glass,20987,500ml,18871.94
3931,2015-08-31,shop_3,kinder-cola,plastic,17167,1.5lt,24036.63
3932,2015-08-31,shop_3,kinder-cola,can,22990,330ml,14202.46
3933,2015-08-31,shop_3,adult-cola,glass,17877,500ml,22493.71
3934,2015-08-31,shop_3,adult-cola,plastic,17717,1.5lt,44299.33
3935,2015-08-31,shop_3,adult-cola,can,38767,330ml,17860.45
3936,2015-08-31,shop_3,orange-power,glass,29682,500ml,23875.58
3937,2015-08-31,shop_3,orange-power,plastic,26980,1.5lt,33013.29
3938,2015-08-31,shop_3,orange-power,can,28344,330ml,15097.04
3939,2015-08-31,shop_3,gazoza,glass,45322,500ml,25369.2
3940,2015-08-31,shop_3,gazoza,plastic,36766,1.5lt,23020.99
3941,2015-08-31,shop_3,gazoza,can,30955,330ml,12809.84
3942,2015-08-31,shop_3,lemon-boost,glass,23695,500ml,22306.96
3943,2015-08-31,shop_3,lemon-boost,plastic,23782,1.5lt,26908.16
3944,2015-08-31,shop_3,lemon-boost,can,20731,330ml,12103.65
3960,2015-09-30,shop_1,kinder-cola,glass,14342,500ml,16239.78
3961,2015-09-30,shop_1,kinder-cola,plastic,16859,1.5lt,33956.41
3962,2015-09-30,shop_1,kinder-cola,can,20865,330ml,13045.03
3963,2015-09-30,shop_1,adult-cola,glass,18900,500ml,24334.5
3964,2015-09-30,shop_1,adult-cola,plastic,18568,1.5lt,41064.29
3965,2015-09-30,shop_1,adult-cola,can,39398,330ml,20411.35
3966,2015-09-30,shop_1,orange-power,glass,23554,500ml,26212.72
3967,2015-09-30,shop_1,orange-power,plastic,35231,1.5lt,41208.31
3968,2015-09-30,shop_1,orange-power,can,37365,330ml,19492.91
3969,2015-09-30,shop_1,gazoza,glass,20328,500ml,16012.33
3970,2015-09-30,shop_1,gazoza,plastic,23802,1.5lt,32207.8
3971,2015-09-30,shop_1,gazoza,can,48293,330ml,15754.77
3972,2015-09-30,shop_1,lemon-boost,glass,20461,500ml,20572.38
3973,2015-09-30,shop_1,lemon-boost,plastic,24569,1.5lt,29749.25
3974,2015-09-30,shop_1,lemon-boost,can,18137,330ml,12521.48
3975,2015-09-30,shop_2,kinder-cola,glass,17525,500ml,20864.64
3976,2015-09-30,shop_2,kinder-cola,plastic,14182,1.5lt,40857.68
3977,2015-09-30,shop_2,kinder-cola,can,21725,330ml,14865.93
3978,2015-09-30,shop_2,adult-cola,glass,23194,500ml,30000.24
3979,2015-09-30,shop_2,adult-cola,plastic,9451,1.5lt,35699.18
3980,2015-09-30,shop_2,adult-cola,can,41549,330ml,20800.31
3981,2015-09-30,shop_2,orange-power,glass,56167,500ml,36822.8
3982,2015-09-30,shop_2,orange-power,plastic,27200,1.5lt,43290.16
3983,2015-09-30,shop_2,orange-power,can,53082,330ml,23989.56
3984,2015-09-30,shop_2,gazoza,glass,51102,500ml,32333.4
3985,2015-09-30,shop_2,gazoza,plastic,39314,1.5lt,40644.86
3986,2015-09-30,shop_2,gazoza,can,37862,330ml,15252.79
3987,2015-09-30,shop_2,lemon-boost,glass,31923,500ml,26140.56
3988,2015-09-30,shop_2,lemon-boost,plastic,24266,1.5lt,44300.79
3989,2015-09-30,shop_2,lemon-boost,can,23303,330ml,13976.52
3990,2015-09-30,shop_6,kinder-cola,glass,21584,500ml,31492.52
3991,2015-09-30,shop_6,kinder-cola,plastic,25300,1.5lt,53376.04
3992,2015-09-30,shop_6,kinder-cola,can,27162,330ml,25078.85
3993,2015-09-30,shop_6,adult-cola,glass,40172,500ml,46713.95
3994,2015-09-30,shop_6,adult-cola,plastic,28742,1.5lt,77298.98
3995,2015-09-30,shop_6,adult-cola,can,41118,330ml,31321.39
3996,2015-09-30,shop_6,orange-power,glass,51630,500ml,48680.81
3997,2015-09-30,shop_6,orange-power,plastic,28065,1.5lt,56522.0
3998,2015-09-30,shop_6,orange-power,can,80609,330ml,32228.05
3999,2015-09-30,shop_6,gazoza,glass,53633,500ml,39000.24
4000,2015-09-30,shop_6,gazoza,plastic,54058,1.5lt,55982.84
4001,2015-09-30,shop_6,gazoza,can,71289,330ml,26306.44
4002,2015-09-30,shop_6,lemon-boost,glass,24007,500ml,28397.2
4003,2015-09-30,shop_6,lemon-boost,plastic,29659,1.5lt,62086.27
4004,2015-09-30,shop_6,lemon-boost,can,34634,330ml,20764.44
4005,2015-09-30,shop_4,kinder-cola,glass,18443,500ml,24989.38
4006,2015-09-30,shop_4,kinder-cola,plastic,16421,1.5lt,48149.85
4007,2015-09-30,shop_4,kinder-cola,can,19565,330ml,15789.66
4008,2015-09-30,shop_4,adult-cola,glass,27803,500ml,34838.06
4009,2015-09-30,shop_4,adult-cola,plastic,27507,1.5lt,49834.76
4010,2015-09-30,shop_4,adult-cola,can,62587,330ml,19143.78
4011,2015-09-30,shop_4,orange-power,glass,50183,500ml,42514.49
4012,2015-09-30,shop_4,orange-power,plastic,41325,1.5lt,48565.62
4013,2015-09-30,shop_4,orange-power,can,72075,330ml,25287.26
4014,2015-09-30,shop_4,gazoza,glass,40362,500ml,28801.98
4015,2015-09-30,shop_4,gazoza,plastic,36409,1.5lt,40835.63
4016,2015-09-30,shop_4,gazoza,can,31099,330ml,13485.36
4017,2015-09-30,shop_4,lemon-boost,glass,26174,500ml,26354.64
4018,2015-09-30,shop_4,lemon-boost,plastic,27996,1.5lt,42917.16
4019,2015-09-30,shop_4,lemon-boost,can,18639,330ml,13007.16
4020,2015-09-30,shop_3,kinder-cola,glass,7210,500ml,12046.37
4021,2015-09-30,shop_3,kinder-cola,plastic,5652,1.5lt,21505.32
4022,2015-09-30,shop_3,kinder-cola,can,14973,330ml,11768.17
4023,2015-09-30,shop_3,adult-cola,glass,14440,500ml,18245.59
4024,2015-09-30,shop_3,adult-cola,plastic,16153,1.5lt,31941.31
4025,2015-09-30,shop_3,adult-cola,can,26855,330ml,17716.7
4026,2015-09-30,shop_3,orange-power,glass,25254,500ml,22184.06
4027,2015-09-30,shop_3,orange-power,plastic,15994,1.5lt,31731.05
4028,2015-09-30,shop_3,orange-power,can,46907,330ml,18998.51
4029,2015-09-30,shop_3,gazoza,glass,37514,500ml,21591.22
4030,2015-09-30,shop_3,gazoza,plastic,21890,1.5lt,25181.07
4031,2015-09-30,shop_3,gazoza,can,12293,330ml,5839.03
4032,2015-09-30,shop_3,lemon-boost,glass,10431,500ml,13045.74
4033,2015-09-30,shop_3,lemon-boost,plastic,11306,1.5lt,27018.58
4034,2015-09-30,shop_3,lemon-boost,can,21453,330ml,10772.58
4050,2015-10-31,shop_1,kinder-cola,glass,10163,500ml,14744.16
4051,2015-10-31,shop_1,kinder-cola,plastic,6568,1.5lt,25632.61
4052,2015-10-31,shop_1,kinder-cola,can,11435,330ml,10490.62
4053,2015-10-31,shop_1,adult-cola,glass,28792,500ml,25029.68
4054,2015-10-31,shop_1,adult-cola,plastic,18105,1.5lt,33262.98
4055,2015-10-31,shop_1,adult-cola,can,30016,330ml,17189.55
4056,2015-10-31,shop_1,orange-power,glass,19024,500ml,19432.77
4057,2015-10-31,shop_1,orange-power,plastic,20771,1.5lt,37165.53
4058,2015-10-31,shop_1,orange-power,can,14076,330ml,9234.0
4059,2015-10-31,shop_1,gazoza,glass,58570,500ml,31315.26
4060,2015-10-31,shop_1,gazoza,plastic,29927,1.5lt,27959.28
4061,2015-10-31,shop_1,gazoza,can,31284,330ml,12764.53
4062,2015-10-31,shop_1,lemon-boost,glass,13541,500ml,13794.14
4063,2015-10-31,shop_1,lemon-boost,plastic,8080,1.5lt,22446.12
4064,2015-10-31,shop_1,lemon-boost,can,18230,330ml,11144.61
4065,2015-10-31,shop_2,kinder-cola,glass,20111,500ml,18986.54
4066,2015-10-31,shop_2,kinder-cola,plastic,11063,1.5lt,36231.39
4067,2015-10-31,shop_2,kinder-cola,can,18405,330ml,15975.8
4068,2015-10-31,shop_2,adult-cola,glass,27139,500ml,26045.63
4069,2015-10-31,shop_2,adult-cola,plastic,28357,1.5lt,49101.49
4070,2015-10-31,shop_2,adult-cola,can,30661,330ml,19831.28
4071,2015-10-31,shop_2,orange-power,glass,23402,500ml,23473.54
4072,2015-10-31,shop_2,orange-power,plastic,23627,1.5lt,40189.5
4073,2015-10-31,shop_2,orange-power,can,53399,330ml,17078.79
4074,2015-10-31,shop_2,gazoza,glass,24273,500ml,18372.59
4075,2015-10-31,shop_2,gazoza,plastic,26320,1.5lt,33719.57
4076,2015-10-31,shop_2,gazoza,can,39130,330ml,13817.59
4077,2015-10-31,shop_2,lemon-boost,glass,29106,500ml,24842.44
4078,2015-10-31,shop_2,lemon-boost,plastic,30033,1.5lt,29798.32
4079,2015-10-31,shop_2,lemon-boost,can,22064,330ml,14095.82
4080,2015-10-31,shop_6,kinder-cola,glass,15591,500ml,23553.13
4081,2015-10-31,shop_6,kinder-cola,plastic,15120,1.5lt,47311.43
4082,2015-10-31,shop_6,kinder-cola,can,28006,330ml,22323.57
4083,2015-10-31,shop_6,adult-cola,glass,41633,500ml,31303.87
4084,2015-10-31,shop_6,adult-cola,plastic,29991,1.5lt,64756.01
4085,2015-10-31,shop_6,adult-cola,can,36767,330ml,24398.14
4086,2015-10-31,shop_6,orange-power,glass,30959,500ml,30051.94
4087,2015-10-31,shop_6,orange-power,plastic,45591,1.5lt,59377.03
4088,2015-10-31,shop_6,orange-power,can,63710,330ml,28083.17
4089,2015-10-31,shop_6,gazoza,glass,59732,500ml,36252.81
4090,2015-10-31,shop_6,gazoza,plastic,39292,1.5lt,42785.72
4091,2015-10-31,shop_6,gazoza,can,63309,330ml,22141.44
4092,2015-10-31,shop_6,lemon-boost,glass,21541,500ml,23634.27
4093,2015-10-31,shop_6,lemon-boost,plastic,25620,1.5lt,33871.95
4094,2015-10-31,shop_6,lemon-boost,can,32253,330ml,17646.7
4095,2015-10-31,shop_4,kinder-cola,glass,11295,500ml,18064.43
4096,2015-10-31,shop_4,kinder-cola,plastic,10618,1.5lt,32497.68
4097,2015-10-31,shop_4,kinder-cola,can,14959,330ml,12631.09
4098,2015-10-31,shop_4,adult-cola,glass,30556,500ml,30965.07
4099,2015-10-31,shop_4,adult-cola,plastic,19764,1.5lt,51796.92
4100,2015-10-31,shop_4,adult-cola,can,31812,330ml,22541.48
4101,2015-10-31,shop_4,orange-power,glass,60558,500ml,41902.67
4102,2015-10-31,shop_4,orange-power,plastic,31205,1.5lt,47238.54
4103,2015-10-31,shop_4,orange-power,can,37794,330ml,19209.32
4104,2015-10-31,shop_4,gazoza,glass,44777,500ml,28528.44
4105,2015-10-31,shop_4,gazoza,plastic,37249,1.5lt,31138.82
4106,2015-10-31,shop_4,gazoza,can,59380,330ml,18334.12
4107,2015-10-31,shop_4,lemon-boost,glass,13215,500ml,15394.87
4108,2015-10-31,shop_4,lemon-boost,plastic,19919,1.5lt,38744.59
4109,2015-10-31,shop_4,lemon-boost,can,27324,330ml,16096.71
4110,2015-10-31,shop_3,kinder-cola,glass,15101,500ml,11839.93
4111,2015-10-31,shop_3,kinder-cola,plastic,9888,1.5lt,23104.54
4112,2015-10-31,shop_3,kinder-cola,can,13344,330ml,8664.64
4113,2015-10-31,shop_3,adult-cola,glass,10155,500ml,14581.43
4114,2015-10-31,shop_3,adult-cola,plastic,16417,1.5lt,34093.11
4115,2015-10-31,shop_3,adult-cola,can,25302,330ml,13993.21
4116,2015-10-31,shop_3,orange-power,glass,22696,500ml,19434.69
4117,2015-10-31,shop_3,orange-power,plastic,13113,1.5lt,26045.97
4118,2015-10-31,shop_3,orange-power,can,35579,330ml,9889.58
4119,2015-10-31,shop_3,gazoza,glass,14791,500ml,11383.78
4120,2015-10-31,shop_3,gazoza,plastic,19170,1.5lt,22440.48
4121,2015-10-31,shop_3,gazoza,can,21144,330ml,8459.22
4122,2015-10-31,shop_3,lemon-boost,glass,14813,500ml,14848.49
4123,2015-10-31,shop_3,lemon-boost,plastic,10858,1.5lt,26429.57
4124,2015-10-31,shop_3,lemon-boost,can,29178,330ml,7166.53
4140,2015-11-30,shop_1,kinder-cola,glass,6907,500ml,11718.14
4141,2015-11-30,shop_1,kinder-cola,plastic,8494,1.5lt,26680.7
4142,2015-11-30,shop_1,kinder-cola,can,16881,330ml,9910.44
4143,2015-11-30,shop_1,adult-cola,glass,15979,500ml,20816.64
4144,2015-11-30,shop_1,adult-cola,plastic,21516,1.5lt,38068.04
4145,2015-11-30,shop_1,adult-cola,can,25358,330ml,14256.85
4146,2015-11-30,shop_1,orange-power,glass,19782,500ml,18933.68
4147,2015-11-30,shop_1,orange-power,plastic,17450,1.5lt,32079.43
4148,2015-11-30,shop_1,orange-power,can,31457,330ml,15344.24
4149,2015-11-30,shop_1,gazoza,glass,39658,500ml,24727.75
4150,2015-11-30,shop_1,gazoza,plastic,18098,1.5lt,24129.99
4151,2015-11-30,shop_1,gazoza,can,44491,330ml,12185.09
4152,2015-11-30,shop_1,lemon-boost,glass,17530,500ml,16537.35
4153,2015-11-30,shop_1,lemon-boost,plastic,9573,1.5lt,24398.61
4154,2015-11-30,shop_1,lemon-boost,can,26082,330ml,11349.97
4155,2015-11-30,shop_2,kinder-cola,glass,13479,500ml,20037.97
4156,2015-11-30,shop_2,kinder-cola,plastic,11387,1.5lt,33472.86
4157,2015-11-30,shop_2,kinder-cola,can,19710,330ml,11965.86
4158,2015-11-30,shop_2,adult-cola,glass,33465,500ml,27260.91
4159,2015-11-30,shop_2,adult-cola,plastic,17010,1.5lt,41224.3
4160,2015-11-30,shop_2,adult-cola,can,24910,330ml,17260.17
4161,2015-11-30,shop_2,orange-power,glass,50684,500ml,34018.47
4162,2015-11-30,shop_2,orange-power,plastic,14484,1.5lt,33793.46
4163,2015-11-30,shop_2,orange-power,can,41342,330ml,16715.79
4164,2015-11-30,shop_2,gazoza,glass,57577,500ml,32492.48
4165,2015-11-30,shop_2,gazoza,plastic,24772,1.5lt,26163.18
4166,2015-11-30,shop_2,gazoza,can,32762,330ml,13206.46
4167,2015-11-30,shop_2,lemon-boost,glass,25723,500ml,19145.16
4168,2015-11-30,shop_2,lemon-boost,plastic,9453,1.5lt,26736.4
4169,2015-11-30,shop_2,lemon-boost,can,31123,330ml,14326.26
4170,2015-11-30,shop_6,kinder-cola,glass,17150,500ml,22065.21
4171,2015-11-30,shop_6,kinder-cola,plastic,15866,1.5lt,36886.74
4172,2015-11-30,shop_6,kinder-cola,can,16447,330ml,15348.79
4173,2015-11-30,shop_6,adult-cola,glass,35137,500ml,34061.0
4174,2015-11-30,shop_6,adult-cola,plastic,27334,1.5lt,63847.32
4175,2015-11-30,shop_6,adult-cola,can,36149,330ml,22408.57
4176,2015-11-30,shop_6,orange-power,glass,49045,500ml,32979.71
4177,2015-11-30,shop_6,orange-power,plastic,27311,1.5lt,53864.28
4178,2015-11-30,shop_6,orange-power,can,49769,330ml,24794.44
4179,2015-11-30,shop_6,gazoza,glass,75689,500ml,37043.55
4180,2015-11-30,shop_6,gazoza,plastic,31224,1.5lt,39543.4
4181,2015-11-30,shop_6,gazoza,can,49780,330ml,19441.64
4182,2015-11-30,shop_6,lemon-boost,glass,34409,500ml,27970.29
4183,2015-11-30,shop_6,lemon-boost,plastic,20082,1.5lt,42807.11
4184,2015-11-30,shop_6,lemon-boost,can,17573,330ml,12799.78
4185,2015-11-30,shop_4,kinder-cola,glass,14144,500ml,18311.27
4186,2015-11-30,shop_4,kinder-cola,plastic,12175,1.5lt,34808.8
4187,2015-11-30,shop_4,kinder-cola,can,21227,330ml,14926.69
4188,2015-11-30,shop_4,adult-cola,glass,23399,500ml,28502.79
4189,2015-11-30,shop_4,adult-cola,plastic,14527,1.5lt,37107.89
4190,2015-11-30,shop_4,adult-cola,can,38972,330ml,17569.25
4191,2015-11-30,shop_4,orange-power,glass,29924,500ml,26913.81
4192,2015-11-30,shop_4,orange-power,plastic,26003,1.5lt,35544.2
4193,2015-11-30,shop_4,orange-power,can,21331,330ml,13574.61
4194,2015-11-30,shop_4,gazoza,glass,40801,500ml,27017.74
4195,2015-11-30,shop_4,gazoza,plastic,31140,1.5lt,30410.7
4196,2015-11-30,shop_4,gazoza,can,40136,330ml,14821.42
4197,2015-11-30,shop_4,lemon-boost,glass,23969,500ml,23369.35
4198,2015-11-30,shop_4,lemon-boost,plastic,13202,1.5lt,30282.83
4199,2015-11-30,shop_4,lemon-boost,can,28563,330ml,13907.58
4200,2015-11-30,shop_3,kinder-cola,glass,12417,500ml,11757.91
4201,2015-11-30,shop_3,kinder-cola,plastic,5645,1.5lt,20331.17
4202,2015-11-30,shop_3,kinder-cola,can,13289,330ml,8548.82
4203,2015-11-30,shop_3,adult-cola,glass,15985,500ml,18048.84
4204,2015-11-30,shop_3,adult-cola,plastic,14421,1.5lt,31427.27
4205,2015-11-30,shop_3,adult-cola,can,19298,330ml,13488.44
4206,2015-11-30,shop_3,orange-power,glass,18229,500ml,16410.03
4207,2015-11-30,shop_3,orange-power,plastic,17293,1.5lt,26448.46
4208,2015-11-30,shop_3,orange-power,can,25865,330ml,12095.5
4209,2015-11-30,shop_3,gazoza,glass,14539,500ml,11720.2
4210,2015-11-30,shop_3,gazoza,plastic,14427,1.5lt,20050.89
4211,2015-11-30,shop_3,gazoza,can,20202,330ml,8436.78
4212,2015-11-30,shop_3,lemon-boost,glass,18630,500ml,11048.01
4213,2015-11-30,shop_3,lemon-boost,plastic,6896,1.5lt,16235.45
4214,2015-11-30,shop_3,lemon-boost,can,11802,330ml,8156.19
4230,2015-12-31,shop_1,kinder-cola,glass,17597,500ml,19927.78
4231,2015-12-31,shop_1,kinder-cola,plastic,11120,1.5lt,33852.34
4232,2015-12-31,shop_1,kinder-cola,can,14622,330ml,12812.15
4233,2015-12-31,shop_1,adult-cola,glass,20969,500ml,23947.69
4234,2015-12-31,shop_1,adult-cola,plastic,18222,1.5lt,40209.43
4235,2015-12-31,shop_1,adult-cola,can,35384,330ml,16875.0
4236,2015-12-31,shop_1,orange-power,glass,18457,500ml,19462.14
4237,2015-12-31,shop_1,orange-power,plastic,17867,1.5lt,34420.74
4238,2015-12-31,shop_1,orange-power,can,48586,330ml,15831.36
4239,2015-12-31,shop_1,gazoza,glass,17268,500ml,13426.73
4240,2015-12-31,shop_1,gazoza,plastic,32058,1.5lt,30476.03
4241,2015-12-31,shop_1,gazoza,can,25521,330ml,10486.36
4242,2015-12-31,shop_1,lemon-boost,glass,14536,500ml,14729.53
4243,2015-12-31,shop_1,lemon-boost,plastic,24603,1.5lt,12337.27
4244,2015-12-31,shop_1,lemon-boost,can,21493,330ml,12686.66
4245,2015-12-31,shop_2,kinder-cola,glass,18240,500ml,22907.58
4246,2015-12-31,shop_2,kinder-cola,plastic,8084,1.5lt,33498.62
4247,2015-12-31,shop_2,kinder-cola,can,26147,330ml,17565.87
4248,2015-12-31,shop_2,adult-cola,glass,25620,500ml,29609.81
4249,2015-12-31,shop_2,adult-cola,plastic,21380,1.5lt,53985.74
4250,2015-12-31,shop_2,adult-cola,can,36582,330ml,24172.29
4251,2015-12-31,shop_2,orange-power,glass,23923,500ml,24349.95
4252,2015-12-31,shop_2,orange-power,plastic,35809,1.5lt,48247.12
4253,2015-12-31,shop_2,orange-power,can,43203,330ml,21014.8
4254,2015-12-31,shop_2,gazoza,glass,61583,500ml,33311.84
4255,2015-12-31,shop_2,gazoza,plastic,22806,1.5lt,31691.3
4256,2015-12-31,shop_2,gazoza,can,61898,330ml,20012.53
4257,2015-12-31,shop_2,lemon-boost,glass,22160,500ml,21149.95
4258,2015-12-31,shop_2,lemon-boost,plastic,18917,1.5lt,35876.36
4259,2015-12-31,shop_2,lemon-boost,can,46204,330ml,18476.64
4260,2015-12-31,shop_6,kinder-cola,glass,27854,500ml,32913.16
4261,2015-12-31,shop_6,kinder-cola,plastic,19833,1.5lt,51063.94
4262,2015-12-31,shop_6,kinder-cola,can,23179,330ml,19309.53
4263,2015-12-31,shop_6,adult-cola,glass,50375,500ml,46650.33
4264,2015-12-31,shop_6,adult-cola,plastic,22337,1.5lt,66864.38
4265,2015-12-31,shop_6,adult-cola,can,35032,330ml,26459.84
4266,2015-12-31,shop_6,orange-power,glass,38434,500ml,35780.26
4267,2015-12-31,shop_6,orange-power,plastic,28458,1.5lt,59888.51
4268,2015-12-31,shop_6,orange-power,can,85194,330ml,27417.0
4269,2015-12-31,shop_6,gazoza,glass,57243,500ml,34805.4
4270,2015-12-31,shop_6,gazoza,plastic,41972,1.5lt,47169.03
4271,2015-12-31,shop_6,gazoza,can,68817,330ml,23402.99
4272,2015-12-31,shop_6,lemon-boost,glass,32520,500ml,28864.23
4273,2015-12-31,shop_6,lemon-boost,plastic,27737,1.5lt,46754.43
4274,2015-12-31,shop_6,lemon-boost,can,46601,330ml,24044.65
4275,2015-12-31,shop_4,kinder-cola,glass,24083,500ml,22771.66
4276,2015-12-31,shop_4,kinder-cola,plastic,17196,1.5lt,40976.11
4277,2015-12-31,shop_4,kinder-cola,can,20300,330ml,17832.63
4278,2015-12-31,shop_4,adult-cola,glass,25675,500ml,31858.72
4279,2015-12-31,shop_4,adult-cola,plastic,20959,1.5lt,42071.71
4280,2015-12-31,shop_4,adult-cola,can,36639,330ml,24182.12
4281,2015-12-31,shop_4,orange-power,glass,43905,500ml,34019.82
4282,2015-12-31,shop_4,orange-power,plastic,25180,1.5lt,46520.22
4283,2015-12-31,shop_4,orange-power,can,60301,330ml,25460.6
4284,2015-12-31,shop_4,gazoza,glass,73238,500ml,35788.84
4285,2015-12-31,shop_4,gazoza,plastic,30400,1.5lt,36329.07
4286,2015-12-31,shop_4,gazoza,can,71337,330ml,22136.53
4287,2015-12-31,shop_4,lemon-boost,glass,26043,500ml,25153.97
4288,2015-12-31,shop_4,lemon-boost,plastic,27053,1.5lt,48140.94
4289,2015-12-31,shop_4,lemon-boost,can,21857,330ml,15586.88
4290,2015-12-31,shop_3,kinder-cola,glass,12446,500ml,11240.64
4291,2015-12-31,shop_3,kinder-cola,plastic,6005,1.5lt,21488.94
4292,2015-12-31,shop_3,kinder-cola,can,12053,330ml,9227.82
4293,2015-12-31,shop_3,adult-cola,glass,8630,500ml,12132.02
4294,2015-12-31,shop_3,adult-cola,plastic,10091,1.5lt,28676.23
4295,2015-12-31,shop_3,adult-cola,can,26803,330ml,13813.66
4296,2015-12-31,shop_3,orange-power,glass,25790,500ml,22149.71
4297,2015-12-31,shop_3,orange-power,plastic,32389,1.5lt,33554.1
4298,2015-12-31,shop_3,orange-power,can,29325,330ml,13982.48
4299,2015-12-31,shop_3,gazoza,glass,9920,500ml,8266.67
4300,2015-12-31,shop_3,gazoza,plastic,21786,1.5lt,21247.66
4301,2015-12-31,shop_3,gazoza,can,38041,330ml,11931.45
4302,2015-12-31,shop_3,lemon-boost,glass,12638,500ml,14111.16
4303,2015-12-31,shop_3,lemon-boost,plastic,10380,1.5lt,23744.4
4304,2015-12-31,shop_3,lemon-boost,can,9514,330ml,6928.06
4320,2016-01-31,shop_1,kinder-cola,glass,9551,500ml,13320.83
4321,2016-01-31,shop_1,kinder-cola,plastic,7683,1.5lt,20807.37
4322,2016-01-31,shop_1,kinder-cola,can,10661,330ml,9678.45
4323,2016-01-31,shop_1,adult-cola,glass,23349,500ml,22018.6
4324,2016-01-31,shop_1,adult-cola,plastic,12134,1.5lt,33954.68
4325,2016-01-31,shop_1,adult-cola,can,29777,330ml,8913.23
4326,2016-01-31,shop_1,orange-power,glass,28461,500ml,22954.57
4327,2016-01-31,shop_1,orange-power,plastic,15531,1.5lt,25267.38
4328,2016-01-31,shop_1,orange-power,can,29667,330ml,15389.8
4329,2016-01-31,shop_1,gazoza,glass,27536,500ml,19514.3
4330,2016-01-31,shop_1,gazoza,plastic,18688,1.5lt,23898.8
4331,2016-01-31,shop_1,gazoza,can,22326,330ml,8775.02
4332,2016-01-31,shop_1,lemon-boost,glass,9521,500ml,11313.16
4333,2016-01-31,shop_1,lemon-boost,plastic,15926,1.5lt,21470.96
4334,2016-01-31,shop_1,lemon-boost,can,16423,330ml,10499.21
4335,2016-01-31,shop_2,kinder-cola,glass,12787,500ml,17503.57
4336,2016-01-31,shop_2,kinder-cola,plastic,9823,1.5lt,31813.54
4337,2016-01-31,shop_2,kinder-cola,can,18646,330ml,13189.11
4338,2016-01-31,shop_2,adult-cola,glass,9447,500ml,14840.17
4339,2016-01-31,shop_2,adult-cola,plastic,14489,1.5lt,42599.3
4340,2016-01-31,shop_2,adult-cola,can,20687,330ml,14669.3
4341,2016-01-31,shop_2,orange-power,glass,39030,500ml,23513.51
4342,2016-01-31,shop_2,orange-power,plastic,15561,1.5lt,33547.95
4343,2016-01-31,shop_2,orange-power,can,25069,330ml,14457.6
4344,2016-01-31,shop_2,gazoza,glass,33488,500ml,23477.27
4345,2016-01-31,shop_2,gazoza,plastic,31753,1.5lt,33509.63
4346,2016-01-31,shop_2,gazoza,can,34200,330ml,12576.34
4347,2016-01-31,shop_2,lemon-boost,glass,17828,500ml,17696.48
4348,2016-01-31,shop_2,lemon-boost,plastic,17697,1.5lt,23566.34
4349,2016-01-31,shop_2,lemon-boost,can,23701,330ml,13062.99
4350,2016-01-31,shop_6,kinder-cola,glass,17830,500ml,21199.2
4351,2016-01-31,shop_6,kinder-cola,plastic,13553,1.5lt,41419.18
4352,2016-01-31,shop_6,kinder-cola,can,13674,330ml,13868.59
4353,2016-01-31,shop_6,adult-cola,glass,22075,500ml,26403.43
4354,2016-01-31,shop_6,adult-cola,plastic,17318,1.5lt,46825.94
4355,2016-01-31,shop_6,adult-cola,can,26925,330ml,18900.06
4356,2016-01-31,shop_6,orange-power,glass,16065,500ml,17792.7
4357,2016-01-31,shop_6,orange-power,plastic,22429,1.5lt,49797.08
4358,2016-01-31,shop_6,orange-power,can,42909,330ml,22975.18
4359,2016-01-31,shop_6,gazoza,glass,50260,500ml,32985.4
4360,2016-01-31,shop_6,gazoza,plastic,41660,1.5lt,39533.59
4361,2016-01-31,shop_6,gazoza,can,26249,330ml,11790.35
4362,2016-01-31,shop_6,lemon-boost,glass,18765,500ml,21490.08
4363,2016-01-31,shop_6,lemon-boost,plastic,14279,1.5lt,34775.54
4364,2016-01-31,shop_6,lemon-boost,can,29582,330ml,16276.22
4365,2016-01-31,shop_4,kinder-cola,glass,15219,500ml,19221.67
4366,2016-01-31,shop_4,kinder-cola,plastic,9033,1.5lt,32876.19
4367,2016-01-31,shop_4,kinder-cola,can,23834,330ml,13883.26
4368,2016-01-31,shop_4,adult-cola,glass,23563,500ml,23966.21
4369,2016-01-31,shop_4,adult-cola,plastic,12055,1.5lt,40362.53
4370,2016-01-31,shop_4,adult-cola,can,30323,330ml,16148.19
4371,2016-01-31,shop_4,orange-power,glass,38181,500ml,31113.43
4372,2016-01-31,shop_4,orange-power,plastic,25397,1.5lt,33813.28
4373,2016-01-31,shop_4,orange-power,can,44117,330ml,18070.5
4374,2016-01-31,shop_4,gazoza,glass,29888,500ml,20907.82
4375,2016-01-31,shop_4,gazoza,plastic,29608,1.5lt,34857.32
4376,2016-01-31,shop_4,gazoza,can,47868,330ml,15062.63
4377,2016-01-31,shop_4,lemon-boost,glass,20680,500ml,22461.22
4378,2016-01-31,shop_4,lemon-boost,plastic,12826,1.5lt,28210.22
4379,2016-01-31,shop_4,lemon-boost,can,23827,330ml,13496.8
4380,2016-01-31,shop_3,kinder-cola,glass,7824,500ml,10966.95
4381,2016-01-31,shop_3,kinder-cola,plastic,5903,1.5lt,19965.11
4382,2016-01-31,shop_3,kinder-cola,can,11728,330ml,6349.18
4383,2016-01-31,shop_3,adult-cola,glass,14476,500ml,16024.73
4384,2016-01-31,shop_3,adult-cola,plastic,10487,1.5lt,26159.87
4385,2016-01-31,shop_3,adult-cola,can,17006,330ml,10200.36
4386,2016-01-31,shop_3,orange-power,glass,39631,500ml,9621.71
4387,2016-01-31,shop_3,orange-power,plastic,7546,1.5lt,17990.53
4388,2016-01-31,shop_3,orange-power,can,15564,330ml,9190.21
4389,2016-01-31,shop_3,gazoza,glass,16960,500ml,12142.32
4390,2016-01-31,shop_3,gazoza,plastic,16134,1.5lt,18866.99
4391,2016-01-31,shop_3,gazoza,can,25577,330ml,7711.75
4392,2016-01-31,shop_3,lemon-boost,glass,6667,500ml,8756.34
4393,2016-01-31,shop_3,lemon-boost,plastic,11749,1.5lt,18376.9
4394,2016-01-31,shop_3,lemon-boost,can,19073,330ml,8433.93
4410,2016-02-29,shop_1,kinder-cola,glass,6486,500ml,10000.74
4411,2016-02-29,shop_1,kinder-cola,plastic,5624,1.5lt,21097.82
4412,2016-02-29,shop_1,kinder-cola,can,9166,330ml,7883.42
4413,2016-02-29,shop_1,adult-cola,glass,10671,500ml,13555.19
4414,2016-02-29,shop_1,adult-cola,plastic,6038,1.5lt,21730.52
4415,2016-02-29,shop_1,adult-cola,can,24619,330ml,13750.81
4416,2016-02-29,shop_1,orange-power,glass,17544,500ml,16125.39
4417,2016-02-29,shop_1,orange-power,plastic,14002,1.5lt,25423.57
4418,2016-02-29,shop_1,orange-power,can,23151,330ml,11705.61
4419,2016-02-29,shop_1,gazoza,glass,27892,500ml,14620.59
4420,2016-02-29,shop_1,gazoza,plastic,12538,1.5lt,14010.91
4421,2016-02-29,shop_1,gazoza,can,28285,330ml,9883.66
4422,2016-02-29,shop_1,lemon-boost,glass,9079,500ml,10720.28
4423,2016-02-29,shop_1,lemon-boost,plastic,12939,1.5lt,14901.23
4424,2016-02-29,shop_1,lemon-boost,can,21295,330ml,10795.84
4425,2016-02-29,shop_2,kinder-cola,glass,9060,500ml,13458.25
4426,2016-02-29,shop_2,kinder-cola,plastic,6910,1.5lt,24174.33
4427,2016-02-29,shop_2,kinder-cola,can,14561,330ml,7291.83
4428,2016-02-29,shop_2,adult-cola,glass,15483,500ml,16891.05
4429,2016-02-29,shop_2,adult-cola,plastic,10741,1.5lt,23388.37
4430,2016-02-29,shop_2,adult-cola,can,17349,330ml,13021.5
4431,2016-02-29,shop_2,orange-power,glass,23651,500ml,13625.71
4432,2016-02-29,shop_2,orange-power,plastic,15145,1.5lt,29757.21
4433,2016-02-29,shop_2,orange-power,can,26266,330ml,14676.14
4434,2016-02-29,shop_2,gazoza,glass,36093,500ml,19313.09
4435,2016-02-29,shop_2,gazoza,plastic,23995,1.5lt,26531.84
4436,2016-02-29,shop_2,gazoza,can,36850,330ml,11603.9
4437,2016-02-29,shop_2,lemon-boost,glass,8564,500ml,10635.11
4438,2016-02-29,shop_2,lemon-boost,plastic,8178,1.5lt,19280.92
4439,2016-02-29,shop_2,lemon-boost,can,5875,330ml,5075.54
4440,2016-02-29,shop_6,kinder-cola,glass,15780,500ml,21163.45
4441,2016-02-29,shop_6,kinder-cola,plastic,15155,1.5lt,28480.09
4442,2016-02-29,shop_6,kinder-cola,can,15948,330ml,11233.32
4443,2016-02-29,shop_6,adult-cola,glass,26743,500ml,24437.63
4444,2016-02-29,shop_6,adult-cola,plastic,19248,1.5lt,36585.13
4445,2016-02-29,shop_6,adult-cola,can,40850,330ml,18650.72
4446,2016-02-29,shop_6,orange-power,glass,27110,500ml,26521.89
4447,2016-02-29,shop_6,orange-power,plastic,21867,1.5lt,43145.51
4448,2016-02-29,shop_6,orange-power,can,40129,330ml,18073.0
4449,2016-02-29,shop_6,gazoza,glass,43238,500ml,29136.95
4450,2016-02-29,shop_6,gazoza,plastic,25184,1.5lt,28632.43
4451,2016-02-29,shop_6,gazoza,can,24640,330ml,11220.22
4452,2016-02-29,shop_6,lemon-boost,glass,19792,500ml,20826.2
4453,2016-02-29,shop_6,lemon-boost,plastic,11835,1.5lt,29468.55
4454,2016-02-29,shop_6,lemon-boost,can,19990,330ml,12277.48
4455,2016-02-29,shop_4,kinder-cola,glass,10952,500ml,14332.64
4456,2016-02-29,shop_4,kinder-cola,plastic,10222,1.5lt,25115.78
4457,2016-02-29,shop_4,kinder-cola,can,10268,330ml,9199.46
4458,2016-02-29,shop_4,adult-cola,glass,16907,500ml,17308.11
4459,2016-02-29,shop_4,adult-cola,plastic,14099,1.5lt,36598.23
4460,2016-02-29,shop_4,adult-cola,can,24295,330ml,15383.8
4461,2016-02-29,shop_4,orange-power,glass,34008,500ml,23919.06
4462,2016-02-29,shop_4,orange-power,plastic,28459,1.5lt,32130.9
4463,2016-02-29,shop_4,orange-power,can,22668,330ml,12624.27
4464,2016-02-29,shop_4,gazoza,glass,23956,500ml,16707.64
4465,2016-02-29,shop_4,gazoza,plastic,26237,1.5lt,24601.55
4466,2016-02-29,shop_4,gazoza,can,25631,330ml,10437.54
4467,2016-02-29,shop_4,lemon-boost,glass,30291,500ml,18395.14
4468,2016-02-29,shop_4,lemon-boost,plastic,14558,1.5lt,23085.92
4469,2016-02-29,shop_4,lemon-boost,can,29328,330ml,11460.54
4470,2016-02-29,shop_3,kinder-cola,glass,8197,500ml,10050.88
4471,2016-02-29,shop_3,kinder-cola,plastic,4671,1.5lt,13765.61
4472,2016-02-29,shop_3,kinder-cola,can,6241,330ml,5952.21
4473,2016-02-29,shop_3,adult-cola,glass,12361,500ml,11656.08
4474,2016-02-29,shop_3,adult-cola,plastic,11472,1.5lt,28077.71
4475,2016-02-29,shop_3,adult-cola,can,16610,330ml,9839.9
4476,2016-02-29,shop_3,orange-power,glass,15936,500ml,13895.18
4477,2016-02-29,shop_3,orange-power,plastic,7659,1.5lt,17576.21
4478,2016-02-29,shop_3,orange-power,can,22207,330ml,8808.41
4479,2016-02-29,shop_3,gazoza,glass,19539,500ml,12073.91
4480,2016-02-29,shop_3,gazoza,plastic,10983,1.5lt,14559.88
4481,2016-02-29,shop_3,gazoza,can,9214,330ml,4347.7
4482,2016-02-29,shop_3,lemon-boost,glass,6600,500ml,7474.89
4483,2016-02-29,shop_3,lemon-boost,plastic,6884,1.5lt,15807.87
4484,2016-02-29,shop_3,lemon-boost,can,7717,330ml,5486.6
4500,2016-03-31,shop_1,kinder-cola,glass,12378,500ml,17875.35
4501,2016-03-31,shop_1,kinder-cola,plastic,8231,1.5lt,31642.97
4502,2016-03-31,shop_1,kinder-cola,can,16622,330ml,10625.04
4503,2016-03-31,shop_1,adult-cola,glass,17330,500ml,22760.27
4504,2016-03-31,shop_1,adult-cola,plastic,24774,1.5lt,36660.88
4505,2016-03-31,shop_1,adult-cola,can,30565,330ml,15085.97
4506,2016-03-31,shop_1,orange-power,glass,25374,500ml,24548.79
4507,2016-03-31,shop_1,orange-power,plastic,19555,1.5lt,41692.44
4508,2016-03-31,shop_1,orange-power,can,29866,330ml,16920.55
4509,2016-03-31,shop_1,gazoza,glass,40479,500ml,25108.07
4510,2016-03-31,shop_1,gazoza,plastic,25607,1.5lt,30812.41
4511,2016-03-31,shop_1,gazoza,can,43570,330ml,14932.61
4512,2016-03-31,shop_1,lemon-boost,glass,17905,500ml,17502.34
4513,2016-03-31,shop_1,lemon-boost,plastic,14031,1.5lt,29479.1
4514,2016-03-31,shop_1,lemon-boost,can,22417,330ml,12408.52
4515,2016-03-31,shop_2,kinder-cola,glass,11172,500ml,16813.17
4516,2016-03-31,shop_2,kinder-cola,plastic,9952,1.5lt,33382.35
4517,2016-03-31,shop_2,kinder-cola,can,28977,330ml,11664.89
4518,2016-03-31,shop_2,adult-cola,glass,23228,500ml,26010.91
4519,2016-03-31,shop_2,adult-cola,plastic,20585,1.5lt,45795.48
4520,2016-03-31,shop_2,adult-cola,can,12044,330ml,11430.77
4521,2016-03-31,shop_2,orange-power,glass,35091,500ml,31307.63
4522,2016-03-31,shop_2,orange-power,plastic,18159,1.5lt,40480.62
4523,2016-03-31,shop_2,orange-power,can,26873,330ml,17014.95
4524,2016-03-31,shop_2,gazoza,glass,41553,500ml,28100.15
4525,2016-03-31,shop_2,gazoza,plastic,32354,1.5lt,32081.23
4526,2016-03-31,shop_2,gazoza,can,54492,330ml,18382.35
4527,2016-03-31,shop_2,lemon-boost,glass,17542,500ml,19229.2
4528,2016-03-31,shop_2,lemon-boost,plastic,25283,1.5lt,24558.03
4529,2016-03-31,shop_2,lemon-boost,can,26863,330ml,14980.14
4530,2016-03-31,shop_6,kinder-cola,glass,19086,500ml,26493.43
4531,2016-03-31,shop_6,kinder-cola,plastic,13067,1.5lt,43233.84
4532,2016-03-31,shop_6,kinder-cola,can,18614,330ml,16819.41
4533,2016-03-31,shop_6,adult-cola,glass,46538,500ml,46685.27
4534,2016-03-31,shop_6,adult-cola,plastic,21748,1.5lt,59124.05
4535,2016-03-31,shop_6,adult-cola,can,26339,330ml,22876.88
4536,2016-03-31,shop_6,orange-power,glass,28626,500ml,29148.54
4537,2016-03-31,shop_6,orange-power,plastic,37062,1.5lt,62355.25
4538,2016-03-31,shop_6,orange-power,can,45054,330ml,25099.68
4539,2016-03-31,shop_6,gazoza,glass,65523,500ml,37865.61
4540,2016-03-31,shop_6,gazoza,plastic,31488,1.5lt,40580.77
4541,2016-03-31,shop_6,gazoza,can,49391,330ml,19758.17
4542,2016-03-31,shop_6,lemon-boost,glass,28743,500ml,28454.35
4543,2016-03-31,shop_6,lemon-boost,plastic,17265,1.5lt,43569.64
4544,2016-03-31,shop_6,lemon-boost,can,39430,330ml,19546.24
4545,2016-03-31,shop_4,kinder-cola,glass,17624,500ml,22520.61
4546,2016-03-31,shop_4,kinder-cola,plastic,11388,1.5lt,36106.26
4547,2016-03-31,shop_4,kinder-cola,can,12118,330ml,12138.22
4548,2016-03-31,shop_4,adult-cola,glass,32279,500ml,34352.78
4549,2016-03-31,shop_4,adult-cola,plastic,32736,1.5lt,55275.56
4550,2016-03-31,shop_4,adult-cola,can,29258,330ml,19518.19
4551,2016-03-31,shop_4,orange-power,glass,32597,500ml,33317.39
4552,2016-03-31,shop_4,orange-power,plastic,30968,1.5lt,44076.56
4553,2016-03-31,shop_4,orange-power,can,38718,330ml,20349.1
4554,2016-03-31,shop_4,gazoza,glass,47626,500ml,31584.24
4555,2016-03-31,shop_4,gazoza,plastic,34608,1.5lt,37988.3
4556,2016-03-31,shop_4,gazoza,can,69978,330ml,19768.88
4557,2016-03-31,shop_4,lemon-boost,glass,42613,500ml,26393.19
4558,2016-03-31,shop_4,lemon-boost,plastic,28138,1.5lt,29010.31
4559,2016-03-31,shop_4,lemon-boost,can,21979,330ml,13016.6
4560,2016-03-31,shop_3,kinder-cola,glass,11126,500ml,14249.46
4561,2016-03-31,shop_3,kinder-cola,plastic,6935,1.5lt,22522.05
4562,2016-03-31,shop_3,kinder-cola,can,10818,330ml,9134.07
4563,2016-03-31,shop_3,adult-cola,glass,17276,500ml,19019.17
4564,2016-03-31,shop_3,adult-cola,plastic,9960,1.5lt,29039.1
4565,2016-03-31,shop_3,adult-cola,can,21458,330ml,12961.17
4566,2016-03-31,shop_3,orange-power,glass,5891,500ml,7520.74
4567,2016-03-31,shop_3,orange-power,plastic,5692,1.5lt,16309.54
4568,2016-03-31,shop_3,orange-power,can,21752,330ml,11674.85
4569,2016-03-31,shop_3,gazoza,glass,40876,500ml,20548.24
4570,2016-03-31,shop_3,gazoza,plastic,11996,1.5lt,17954.41
4571,2016-03-31,shop_3,gazoza,can,53684,330ml,11933.13
4572,2016-03-31,shop_3,lemon-boost,glass,5571,500ml,7800.9
4573,2016-03-31,shop_3,lemon-boost,plastic,12634,1.5lt,22598.51
4574,2016-03-31,shop_3,lemon-boost,can,11839,330ml,8324.48
4590,2016-04-30,shop_1,kinder-cola,glass,13372,500ml,18099.18
4591,2016-04-30,shop_1,kinder-cola,plastic,15127,1.5lt,36178.0
4592,2016-04-30,shop_1,kinder-cola,can,23681,330ml,11871.19
4593,2016-04-30,shop_1,adult-cola,glass,26774,500ml,28829.24
4594,2016-04-30,shop_1,adult-cola,plastic,16408,1.5lt,45139.94
4595,2016-04-30,shop_1,adult-cola,can,29011,330ml,18944.33
4596,2016-04-30,shop_1,orange-power,glass,47222,500ml,34708.61
4597,2016-04-30,shop_1,orange-power,plastic,22811,1.5lt,41438.31
4598,2016-04-30,shop_1,orange-power,can,43138,330ml,21513.68
4599,2016-04-30,shop_1,gazoza,glass,28405,500ml,21197.37
4600,2016-04-30,shop_1,gazoza,plastic,34203,1.5lt,34894.49
4601,2016-04-30,shop_1,gazoza,can,48723,330ml,15722.77
4602,2016-04-30,shop_1,lemon-boost,glass,18603,500ml,19096.78
4603,2016-04-30,shop_1,lemon-boost,plastic,13331,1.5lt,27327.76
4604,2016-04-30,shop_1,lemon-boost,can,27612,330ml,16181.62
4605,2016-04-30,shop_2,kinder-cola,glass,14114,500ml,21152.65
4606,2016-04-30,shop_2,kinder-cola,plastic,14967,1.5lt,44328.62
4607,2016-04-30,shop_2,kinder-cola,can,15167,330ml,14490.05
4608,2016-04-30,shop_2,adult-cola,glass,46122,500ml,31948.15
4609,2016-04-30,shop_2,adult-cola,plastic,14284,1.5lt,46011.29
4610,2016-04-30,shop_2,adult-cola,can,38926,330ml,25825.58
4611,2016-04-30,shop_2,orange-power,glass,31589,500ml,31366.91
4612,2016-04-30,shop_2,orange-power,plastic,25568,1.5lt,46165.78
4613,2016-04-30,shop_2,orange-power,can,36475,330ml,21444.77
4614,2016-04-30,shop_2,gazoza,glass,52600,500ml,30476.07
4615,2016-04-30,shop_2,gazoza,plastic,32631,1.5lt,37715.59
4616,2016-04-30,shop_2,gazoza,can,60940,330ml,21033.91
4617,2016-04-30,shop_2,lemon-boost,glass,27550,500ml,27326.79
4618,2016-04-30,shop_2,lemon-boost,plastic,23724,1.5lt,43489.1
4619,2016-04-30,shop_2,lemon-boost,can,22549,330ml,14027.11
4620,2016-04-30,shop_6,kinder-cola,glass,24856,500ml,32401.56
4621,2016-04-30,shop_6,kinder-cola,plastic,30729,1.5lt,42936.6
4622,2016-04-30,shop_6,kinder-cola,can,35318,330ml,22401.33
4623,2016-04-30,shop_6,adult-cola,glass,39543,500ml,43860.41
4624,2016-04-30,shop_6,adult-cola,plastic,38594,1.5lt,71822.76
4625,2016-04-30,shop_6,adult-cola,can,59700,330ml,35875.11
4626,2016-04-30,shop_6,orange-power,glass,35637,500ml,37238.68
4627,2016-04-30,shop_6,orange-power,plastic,36537,1.5lt,71317.46
4628,2016-04-30,shop_6,orange-power,can,69740,330ml,32013.27
4629,2016-04-30,shop_6,gazoza,glass,73644,500ml,47579.4
4630,2016-04-30,shop_6,gazoza,plastic,53209,1.5lt,56152.16
4631,2016-04-30,shop_6,gazoza,can,50529,330ml,20414.04
4632,2016-04-30,shop_6,lemon-boost,glass,46529,500ml,34813.78
4633,2016-04-30,shop_6,lemon-boost,plastic,28491,1.5lt,57953.73
4634,2016-04-30,shop_6,lemon-boost,can,42083,330ml,22268.12
4635,2016-04-30,shop_4,kinder-cola,glass,9949,500ml,17012.88
4636,2016-04-30,shop_4,kinder-cola,plastic,13373,1.5lt,47160.74
4637,2016-04-30,shop_4,kinder-cola,can,18285,330ml,16158.71
4638,2016-04-30,shop_4,adult-cola,glass,46262,500ml,44453.43
4639,2016-04-30,shop_4,adult-cola,plastic,20217,1.5lt,61160.94
4640,2016-04-30,shop_4,adult-cola,can,45811,330ml,27450.51
4641,2016-04-30,shop_4,orange-power,glass,32520,500ml,33265.16
4642,2016-04-30,shop_4,orange-power,plastic,37834,1.5lt,53149.04
4643,2016-04-30,shop_4,orange-power,can,46090,330ml,23618.99
4644,2016-04-30,shop_4,gazoza,glass,55455,500ml,37462.01
4645,2016-04-30,shop_4,gazoza,plastic,27020,1.5lt,34832.12
4646,2016-04-30,shop_4,gazoza,can,62602,330ml,21244.83
4647,2016-04-30,shop_4,lemon-boost,glass,20327,500ml,22833.8
4648,2016-04-30,shop_4,lemon-boost,plastic,24035,1.5lt,43400.77
4649,2016-04-30,shop_4,lemon-boost,can,39147,330ml,21869.36
4650,2016-04-30,shop_3,kinder-cola,glass,10379,500ml,14632.51
4651,2016-04-30,shop_3,kinder-cola,plastic,11779,1.5lt,26667.9
4652,2016-04-30,shop_3,kinder-cola,can,15087,330ml,13909.98
4653,2016-04-30,shop_3,adult-cola,glass,11005,500ml,16008.85
4654,2016-04-30,shop_3,adult-cola,plastic,8478,1.5lt,29954.62
4655,2016-04-30,shop_3,adult-cola,can,29265,330ml,16379.61
4656,2016-04-30,shop_3,orange-power,glass,27653,500ml,23767.93
4657,2016-04-30,shop_3,orange-power,plastic,21336,1.5lt,35682.08
4658,2016-04-30,shop_3,orange-power,can,25883,330ml,14387.59
4659,2016-04-30,shop_3,gazoza,glass,29135,500ml,19676.41
4660,2016-04-30,shop_3,gazoza,plastic,36476,1.5lt,19179.62
4661,2016-04-30,shop_3,gazoza,can,49960,330ml,13604.53
4662,2016-04-30,shop_3,lemon-boost,glass,26155,500ml,20079.05
4663,2016-04-30,shop_3,lemon-boost,plastic,10560,1.5lt,28473.41
4664,2016-04-30,shop_3,lemon-boost,can,16345,330ml,9614.42
4680,2016-05-31,shop_1,kinder-cola,glass,9919,500ml,17110.55
4681,2016-05-31,shop_1,kinder-cola,plastic,18116,1.5lt,41090.31
4682,2016-05-31,shop_1,kinder-cola,can,22445,330ml,16739.56
4683,2016-05-31,shop_1,adult-cola,glass,32772,500ml,34027.78
4684,2016-05-31,shop_1,adult-cola,plastic,17305,1.5lt,42880.09
4685,2016-05-31,shop_1,adult-cola,can,47876,330ml,20728.85
4686,2016-05-31,shop_1,orange-power,glass,51367,500ml,40068.44
4687,2016-05-31,shop_1,orange-power,plastic,36871,1.5lt,43105.16
4688,2016-05-31,shop_1,orange-power,can,29210,330ml,17809.38
4689,2016-05-31,shop_1,gazoza,glass,41103,500ml,27965.5
4690,2016-05-31,shop_1,gazoza,plastic,43902,1.5lt,34623.13
4691,2016-05-31,shop_1,gazoza,can,47516,330ml,17497.71
4692,2016-05-31,shop_1,lemon-boost,glass,20568,500ml,19610.04
4693,2016-05-31,shop_1,lemon-boost,plastic,15130,1.5lt,35458.14
4694,2016-05-31,shop_1,lemon-boost,can,27360,330ml,18011.09
4695,2016-05-31,shop_2,kinder-cola,glass,15423,500ml,23481.16
4696,2016-05-31,shop_2,kinder-cola,plastic,17282,1.5lt,49243.63
4697,2016-05-31,shop_2,kinder-cola,can,19440,330ml,17988.01
4698,2016-05-31,shop_2,adult-cola,glass,31775,500ml,34798.49
4699,2016-05-31,shop_2,adult-cola,plastic,23025,1.5lt,67536.63
4700,2016-05-31,shop_2,adult-cola,can,37935,330ml,26237.47
4701,2016-05-31,shop_2,orange-power,glass,49970,500ml,41150.7
4702,2016-05-31,shop_2,orange-power,plastic,35982,1.5lt,59177.61
4703,2016-05-31,shop_2,orange-power,can,40024,330ml,24077.61
4704,2016-05-31,shop_2,gazoza,glass,57258,500ml,34652.98
4705,2016-05-31,shop_2,gazoza,plastic,42295,1.5lt,49103.94
4706,2016-05-31,shop_2,gazoza,can,53194,330ml,19706.1
4707,2016-05-31,shop_2,lemon-boost,glass,12376,500ml,16530.93
4708,2016-05-31,shop_2,lemon-boost,plastic,31571,1.5lt,40947.53
4709,2016-05-31,shop_2,lemon-boost,can,25738,330ml,17479.48
4710,2016-05-31,shop_6,kinder-cola,glass,23318,500ml,36006.91
4711,2016-05-31,shop_6,kinder-cola,plastic,23882,1.5lt,66944.62
4712,2016-05-31,shop_6,kinder-cola,can,30002,330ml,24163.49
4713,2016-05-31,shop_6,adult-cola,glass,53132,500ml,53506.36
4714,2016-05-31,shop_6,adult-cola,plastic,37078,1.5lt,82997.66
4715,2016-05-31,shop_6,adult-cola,can,33563,330ml,29702.58
4716,2016-05-31,shop_6,orange-power,glass,54337,500ml,50913.23
4717,2016-05-31,shop_6,orange-power,plastic,54253,1.5lt,80344.82
4718,2016-05-31,shop_6,orange-power,can,103579,330ml,37491.86
4719,2016-05-31,shop_6,gazoza,glass,61157,500ml,42111.91
4720,2016-05-31,shop_6,gazoza,plastic,43028,1.5lt,56297.4
4721,2016-05-31,shop_6,gazoza,can,55972,330ml,23929.59
4722,2016-05-31,shop_6,lemon-boost,glass,43913,500ml,39147.56
4723,2016-05-31,shop_6,lemon-boost,plastic,26432,1.5lt,60852.95
4724,2016-05-31,shop_6,lemon-boost,can,39228,330ml,25488.79
4725,2016-05-31,shop_4,kinder-cola,glass,18250,500ml,28734.91
4726,2016-05-31,shop_4,kinder-cola,plastic,13811,1.5lt,45521.77
4727,2016-05-31,shop_4,kinder-cola,can,18783,330ml,18754.91
4728,2016-05-31,shop_4,adult-cola,glass,32570,500ml,41516.34
4729,2016-05-31,shop_4,adult-cola,plastic,36650,1.5lt,68123.1
4730,2016-05-31,shop_4,adult-cola,can,33201,330ml,26062.83
4731,2016-05-31,shop_4,orange-power,glass,32674,500ml,34068.37
4732,2016-05-31,shop_4,orange-power,plastic,45449,1.5lt,72090.8
4733,2016-05-31,shop_4,orange-power,can,59254,330ml,30065.97
4734,2016-05-31,shop_4,gazoza,glass,34273,500ml,26423.45
4735,2016-05-31,shop_4,gazoza,plastic,40900,1.5lt,48137.51
4736,2016-05-31,shop_4,gazoza,can,54290,330ml,21248.55
4737,2016-05-31,shop_4,lemon-boost,glass,30258,500ml,30936.52
4738,2016-05-31,shop_4,lemon-boost,plastic,25517,1.5lt,51647.8
4739,2016-05-31,shop_4,lemon-boost,can,49024,330ml,25171.2
4740,2016-05-31,shop_3,kinder-cola,glass,18560,500ml,15285.43
4741,2016-05-31,shop_3,kinder-cola,plastic,8851,1.5lt,32893.71
4742,2016-05-31,shop_3,kinder-cola,can,10929,330ml,10453.21
4743,2016-05-31,shop_3,adult-cola,glass,23588,500ml,26503.24
4744,2016-05-31,shop_3,adult-cola,plastic,27820,1.5lt,27500.44
4745,2016-05-31,shop_3,adult-cola,can,57236,330ml,8996.96
4746,2016-05-31,shop_3,orange-power,glass,36608,500ml,26971.77
4747,2016-05-31,shop_3,orange-power,plastic,15968,1.5lt,33680.23
4748,2016-05-31,shop_3,orange-power,can,53109,330ml,15498.5
4749,2016-05-31,shop_3,gazoza,glass,29363,500ml,20994.91
4750,2016-05-31,shop_3,gazoza,plastic,25343,1.5lt,30724.69
4751,2016-05-31,shop_3,gazoza,can,18357,330ml,8598.97
4752,2016-05-31,shop_3,lemon-boost,glass,17582,500ml,17381.47
4753,2016-05-31,shop_3,lemon-boost,plastic,21766,1.5lt,34261.27
4754,2016-05-31,shop_3,lemon-boost,can,18030,330ml,10821.38
4770,2016-06-30,shop_1,kinder-cola,glass,17677,500ml,24443.19
4771,2016-06-30,shop_1,kinder-cola,plastic,15571,1.5lt,43551.66
4772,2016-06-30,shop_1,kinder-cola,can,16515,330ml,15186.79
4773,2016-06-30,shop_1,adult-cola,glass,20077,500ml,27772.44
4774,2016-06-30,shop_1,adult-cola,plastic,15162,1.5lt,49615.31
4775,2016-06-30,shop_1,adult-cola,can,41136,330ml,25131.02
4776,2016-06-30,shop_1,orange-power,glass,39166,500ml,34978.59
4777,2016-06-30,shop_1,orange-power,plastic,26675,1.5lt,50137.01
4778,2016-06-30,shop_1,orange-power,can,45884,330ml,23924.02
4779,2016-06-30,shop_1,gazoza,glass,63073,500ml,36008.81
4780,2016-06-30,shop_1,gazoza,plastic,36530,1.5lt,43721.02
4781,2016-06-30,shop_1,gazoza,can,60959,330ml,21526.55
4782,2016-06-30,shop_1,lemon-boost,glass,19961,500ml,22641.96
4783,2016-06-30,shop_1,lemon-boost,plastic,24948,1.5lt,38391.78
4784,2016-06-30,shop_1,lemon-boost,can,26884,330ml,16641.81
4785,2016-06-30,shop_2,kinder-cola,glass,29287,500ml,32965.58
4786,2016-06-30,shop_2,kinder-cola,plastic,14989,1.5lt,49469.96
4787,2016-06-30,shop_2,kinder-cola,can,36302,330ml,25032.55
4788,2016-06-30,shop_2,adult-cola,glass,36324,500ml,44436.51
4789,2016-06-30,shop_2,adult-cola,plastic,24782,1.5lt,68614.96
4790,2016-06-30,shop_2,adult-cola,can,48478,330ml,31280.57
4791,2016-06-30,shop_2,orange-power,glass,45825,500ml,43380.02
4792,2016-06-30,shop_2,orange-power,plastic,27348,1.5lt,62291.74
4793,2016-06-30,shop_2,orange-power,can,70438,330ml,28448.2
4794,2016-06-30,shop_2,gazoza,glass,45833,500ml,33702.03
4795,2016-06-30,shop_2,gazoza,plastic,40638,1.5lt,45586.51
4796,2016-06-30,shop_2,gazoza,can,76681,330ml,26090.57
4797,2016-06-30,shop_2,lemon-boost,glass,35563,500ml,34368.09
4798,2016-06-30,shop_2,lemon-boost,plastic,28832,1.5lt,57671.96
4799,2016-06-30,shop_2,lemon-boost,can,49367,330ml,23373.46
4800,2016-06-30,shop_6,kinder-cola,glass,42323,500ml,45992.39
4801,2016-06-30,shop_6,kinder-cola,plastic,25116,1.5lt,68580.07
4802,2016-06-30,shop_6,kinder-cola,can,37881,330ml,31808.91
4803,2016-06-30,shop_6,adult-cola,glass,49425,500ml,49107.41
4804,2016-06-30,shop_6,adult-cola,plastic,35934,1.5lt,94516.52
4805,2016-06-30,shop_6,adult-cola,can,47109,330ml,36003.88
4806,2016-06-30,shop_6,orange-power,glass,63332,500ml,57611.66
4807,2016-06-30,shop_6,orange-power,plastic,57500,1.5lt,85553.03
4808,2016-06-30,shop_6,orange-power,can,105180,330ml,37704.12
4809,2016-06-30,shop_6,gazoza,glass,96549,500ml,62852.16
4810,2016-06-30,shop_6,gazoza,plastic,59397,1.5lt,64016.4
4811,2016-06-30,shop_6,gazoza,can,87404,330ml,32047.51
4812,2016-06-30,shop_6,lemon-boost,glass,69930,500ml,47088.48
4813,2016-06-30,shop_6,lemon-boost,plastic,26595,1.5lt,59140.77
4814,2016-06-30,shop_6,lemon-boost,can,70413,330ml,30315.84
4815,2016-06-30,shop_4,kinder-cola,glass,28788,500ml,32799.56
4816,2016-06-30,shop_4,kinder-cola,plastic,18421,1.5lt,60461.39
4817,2016-06-30,shop_4,kinder-cola,can,28301,330ml,22294.21
4818,2016-06-30,shop_4,adult-cola,glass,30693,500ml,40014.43
4819,2016-06-30,shop_4,adult-cola,plastic,37665,1.5lt,78682.89
4820,2016-06-30,shop_4,adult-cola,can,71653,330ml,34681.75
4821,2016-06-30,shop_4,orange-power,glass,58865,500ml,46198.95
4822,2016-06-30,shop_4,orange-power,plastic,78764,1.5lt,34467.08
4823,2016-06-30,shop_4,orange-power,can,53237,330ml,29137.0
4824,2016-06-30,shop_4,gazoza,glass,40645,500ml,31203.0
4825,2016-06-30,shop_4,gazoza,plastic,36273,1.5lt,46330.97
4826,2016-06-30,shop_4,gazoza,can,54360,330ml,22782.38
4827,2016-06-30,shop_4,lemon-boost,glass,33752,500ml,33044.93
4828,2016-06-30,shop_4,lemon-boost,plastic,29657,1.5lt,59684.91
4829,2016-06-30,shop_4,lemon-boost,can,45197,330ml,22969.29
4830,2016-06-30,shop_3,kinder-cola,glass,12511,500ml,19794.1
4831,2016-06-30,shop_3,kinder-cola,plastic,6087,1.5lt,26341.31
4832,2016-06-30,shop_3,kinder-cola,can,23539,330ml,16764.28
4833,2016-06-30,shop_3,adult-cola,glass,28610,500ml,25782.74
4834,2016-06-30,shop_3,adult-cola,plastic,26190,1.5lt,56076.0
4835,2016-06-30,shop_3,adult-cola,can,33923,330ml,21576.33
4836,2016-06-30,shop_3,orange-power,glass,37453,500ml,32112.04
4837,2016-06-30,shop_3,orange-power,plastic,20510,1.5lt,43280.34
4838,2016-06-30,shop_3,orange-power,can,56526,330ml,19163.97
4839,2016-06-30,shop_3,gazoza,glass,39982,500ml,26852.52
4840,2016-06-30,shop_3,gazoza,plastic,24682,1.5lt,31387.85
4841,2016-06-30,shop_3,gazoza,can,37206,330ml,15009.87
4842,2016-06-30,shop_3,lemon-boost,glass,43709,500ml,15173.91
4843,2016-06-30,shop_3,lemon-boost,plastic,14784,1.5lt,28495.9
4844,2016-06-30,shop_3,lemon-boost,can,32957,330ml,17602.66
4860,2016-07-31,shop_1,kinder-cola,glass,18004,500ml,26130.76
4861,2016-07-31,shop_1,kinder-cola,plastic,21809,1.5lt,46636.9
4862,2016-07-31,shop_1,kinder-cola,can,38098,330ml,20514.65
4863,2016-07-31,shop_1,adult-cola,glass,33449,500ml,32716.29
4864,2016-07-31,shop_1,adult-cola,plastic,15747,1.5lt,53408.2
4865,2016-07-31,shop_1,adult-cola,can,43422,330ml,30178.34
4866,2016-07-31,shop_1,orange-power,glass,58718,500ml,41415.37
4867,2016-07-31,shop_1,orange-power,plastic,35061,1.5lt,49687.66
4868,2016-07-31,shop_1,orange-power,can,41847,330ml,25020.62
4869,2016-07-31,shop_1,gazoza,glass,55250,500ml,37140.37
4870,2016-07-31,shop_1,gazoza,plastic,37307,1.5lt,43259.39
4871,2016-07-31,shop_1,gazoza,can,55087,330ml,19748.89
4872,2016-07-31,shop_1,lemon-boost,glass,50591,500ml,35308.91
4873,2016-07-31,shop_1,lemon-boost,plastic,32937,1.5lt,41594.58
4874,2016-07-31,shop_1,lemon-boost,can,39691,330ml,21265.52
4875,2016-07-31,shop_2,kinder-cola,glass,22445,500ml,32963.46
4876,2016-07-31,shop_2,kinder-cola,plastic,26296,1.5lt,58945.9
4877,2016-07-31,shop_2,kinder-cola,can,26321,330ml,22246.09
4878,2016-07-31,shop_2,adult-cola,glass,30848,500ml,41276.4
4879,2016-07-31,shop_2,adult-cola,plastic,22668,1.5lt,66287.2
4880,2016-07-31,shop_2,adult-cola,can,42350,330ml,31780.45
4881,2016-07-31,shop_2,orange-power,glass,63290,500ml,56326.94
4882,2016-07-31,shop_2,orange-power,plastic,46721,1.5lt,63253.01
4883,2016-07-31,shop_2,orange-power,can,103792,330ml,26619.84
4884,2016-07-31,shop_2,gazoza,glass,57343,500ml,40537.26
4885,2016-07-31,shop_2,gazoza,plastic,45690,1.5lt,55519.42
4886,2016-07-31,shop_2,gazoza,can,109263,330ml,34809.34
4887,2016-07-31,shop_2,lemon-boost,glass,39007,500ml,39770.83
4888,2016-07-31,shop_2,lemon-boost,plastic,34433,1.5lt,51034.73
4889,2016-07-31,shop_2,lemon-boost,can,41353,330ml,24644.98
4890,2016-07-31,shop_6,kinder-cola,glass,34145,500ml,46762.77
4891,2016-07-31,shop_6,kinder-cola,plastic,28474,1.5lt,80334.51
4892,2016-07-31,shop_6,kinder-cola,can,44585,330ml,32307.93
4893,2016-07-31,shop_6,adult-cola,glass,64343,500ml,67823.76
4894,2016-07-31,shop_6,adult-cola,plastic,42855,1.5lt,106170.81
4895,2016-07-31,shop_6,adult-cola,can,69643,330ml,46216.24
4896,2016-07-31,shop_6,orange-power,glass,59431,500ml,58496.45
4897,2016-07-31,shop_6,orange-power,plastic,44840,1.5lt,99181.35
4898,2016-07-31,shop_6,orange-power,can,92958,330ml,44520.27
4899,2016-07-31,shop_6,gazoza,glass,77874,500ml,55351.79
4900,2016-07-31,shop_6,gazoza,plastic,82956,1.5lt,76867.32
4901,2016-07-31,shop_6,gazoza,can,62864,330ml,26294.71
4902,2016-07-31,shop_6,lemon-boost,glass,50364,500ml,48757.91
4903,2016-07-31,shop_6,lemon-boost,plastic,36392,1.5lt,80857.92
4904,2016-07-31,shop_6,lemon-boost,can,78063,330ml,33676.29
4905,2016-07-31,shop_4,kinder-cola,glass,38148,500ml,35100.79
4906,2016-07-31,shop_4,kinder-cola,plastic,23099,1.5lt,65183.22
4907,2016-07-31,shop_4,kinder-cola,can,30673,330ml,22951.18
4908,2016-07-31,shop_4,adult-cola,glass,52950,500ml,48870.83
4909,2016-07-31,shop_4,adult-cola,plastic,40745,1.5lt,82202.2
4910,2016-07-31,shop_4,adult-cola,can,57792,330ml,35726.26
4911,2016-07-31,shop_4,orange-power,glass,55186,500ml,47585.7
4912,2016-07-31,shop_4,orange-power,plastic,45475,1.5lt,79957.16
4913,2016-07-31,shop_4,orange-power,can,68340,330ml,35020.32
4914,2016-07-31,shop_4,gazoza,glass,58236,500ml,41538.84
4915,2016-07-31,shop_4,gazoza,plastic,40039,1.5lt,57877.01
4916,2016-07-31,shop_4,gazoza,can,78948,330ml,28096.43
4917,2016-07-31,shop_4,lemon-boost,glass,39330,500ml,39010.41
4918,2016-07-31,shop_4,lemon-boost,plastic,37547,1.5lt,65343.64
4919,2016-07-31,shop_4,lemon-boost,can,44822,330ml,26623.99
4920,2016-07-31,shop_3,kinder-cola,glass,22632,500ml,22047.47
4921,2016-07-31,shop_3,kinder-cola,plastic,10290,1.5lt,35374.0
4922,2016-07-31,shop_3,kinder-cola,can,21857,330ml,17176.61
4923,2016-07-31,shop_3,adult-cola,glass,26024,500ml,30589.36
4924,2016-07-31,shop_3,adult-cola,plastic,4623,1.5lt,19945.82
4925,2016-07-31,shop_3,adult-cola,can,58567,330ml,21579.93
4926,2016-07-31,shop_3,orange-power,glass,27826,500ml,30066.06
4927,2016-07-31,shop_3,orange-power,plastic,37197,1.5lt,63383.69
4928,2016-07-31,shop_3,orange-power,can,94777,330ml,22897.03
4929,2016-07-31,shop_3,gazoza,glass,32497,500ml,24796.36
4930,2016-07-31,shop_3,gazoza,plastic,29685,1.5lt,34050.87
4931,2016-07-31,shop_3,gazoza,can,45693,330ml,17263.27
4932,2016-07-31,shop_3,lemon-boost,glass,29440,500ml,25948.75
4933,2016-07-31,shop_3,lemon-boost,plastic,18349,1.5lt,33085.85
4934,2016-07-31,shop_3,lemon-boost,can,26447,330ml,17400.26
4950,2016-08-31,shop_1,kinder-cola,glass,22607,500ml,23445.65
4951,2016-08-31,shop_1,kinder-cola,plastic,12991,1.5lt,46898.66
4952,2016-08-31,shop_1,kinder-cola,can,17047,330ml,15680.43
4953,2016-08-31,shop_1,adult-cola,glass,18676,500ml,26705.2
4954,2016-08-31,shop_1,adult-cola,plastic,36600,1.5lt,57364.46
4955,2016-08-31,shop_1,adult-cola,can,44478,330ml,23043.22
4956,2016-08-31,shop_1,orange-power,glass,30400,500ml,30241.62
4957,2016-08-31,shop_1,orange-power,plastic,22754,1.5lt,47564.83
4958,2016-08-31,shop_1,orange-power,can,43714,330ml,23382.22
4959,2016-08-31,shop_1,gazoza,glass,33082,500ml,24176.36
4960,2016-08-31,shop_1,gazoza,plastic,34073,1.5lt,41353.35
4961,2016-08-31,shop_1,gazoza,can,26403,330ml,11575.39
4962,2016-08-31,shop_1,lemon-boost,glass,22350,500ml,25257.09
4963,2016-08-31,shop_1,lemon-boost,plastic,20399,1.5lt,44158.62
4964,2016-08-31,shop_1,lemon-boost,can,37206,330ml,19336.92
4965,2016-08-31,shop_2,kinder-cola,glass,17657,500ml,24661.71
4966,2016-08-31,shop_2,kinder-cola,plastic,18509,1.5lt,50161.35
4967,2016-08-31,shop_2,kinder-cola,can,31686,330ml,18598.33
4968,2016-08-31,shop_2,adult-cola,glass,41050,500ml,44942.76
4969,2016-08-31,shop_2,adult-cola,plastic,20322,1.5lt,66832.63
4970,2016-08-31,shop_2,adult-cola,can,36039,330ml,24777.54
4971,2016-08-31,shop_2,orange-power,glass,33811,500ml,34202.73
4972,2016-08-31,shop_2,orange-power,plastic,37583,1.5lt,64460.64
4973,2016-08-31,shop_2,orange-power,can,44796,330ml,24713.81
4974,2016-08-31,shop_2,gazoza,glass,51559,500ml,34993.45
4975,2016-08-31,shop_2,gazoza,plastic,42449,1.5lt,41976.44
4976,2016-08-31,shop_2,gazoza,can,46988,330ml,18550.32
4977,2016-08-31,shop_2,lemon-boost,glass,25080,500ml,27900.78
4978,2016-08-31,shop_2,lemon-boost,plastic,24817,1.5lt,47616.56
4979,2016-08-31,shop_2,lemon-boost,can,37002,330ml,21518.43
4980,2016-08-31,shop_6,kinder-cola,glass,23879,500ml,36050.31
4981,2016-08-31,shop_6,kinder-cola,plastic,20128,1.5lt,64268.3
4982,2016-08-31,shop_6,kinder-cola,can,45506,330ml,30153.29
4983,2016-08-31,shop_6,adult-cola,glass,57800,500ml,63174.61
4984,2016-08-31,shop_6,adult-cola,plastic,39605,1.5lt,97584.13
4985,2016-08-31,shop_6,adult-cola,can,46522,330ml,36437.42
4986,2016-08-31,shop_6,orange-power,glass,56566,500ml,47041.94
4987,2016-08-31,shop_6,orange-power,plastic,33358,1.5lt,66945.72
4988,2016-08-31,shop_6,orange-power,can,90102,330ml,35124.67
4989,2016-08-31,shop_6,gazoza,glass,78413,500ml,53542.12
4990,2016-08-31,shop_6,gazoza,plastic,47308,1.5lt,59719.23
4991,2016-08-31,shop_6,gazoza,can,67679,330ml,27430.2
4992,2016-08-31,shop_6,lemon-boost,glass,56321,500ml,49833.1
4993,2016-08-31,shop_6,lemon-boost,plastic,47237,1.5lt,62117.93
4994,2016-08-31,shop_6,lemon-boost,can,70247,330ml,33626.55
4995,2016-08-31,shop_4,kinder-cola,glass,22768,500ml,28806.64
4996,2016-08-31,shop_4,kinder-cola,plastic,16941,1.5lt,53552.44
4997,2016-08-31,shop_4,kinder-cola,can,25242,330ml,20248.69
4998,2016-08-31,shop_4,adult-cola,glass,39931,500ml,48614.8
4999,2016-08-31,shop_4,adult-cola,plastic,38920,1.5lt,64026.28
5000,2016-08-31,shop_4,adult-cola,can,51057,330ml,30503.83
5001,2016-08-31,shop_4,orange-power,glass,42850,500ml,40393.75
5002,2016-08-31,shop_4,orange-power,plastic,32117,1.5lt,67477.02
5003,2016-08-31,shop_4,orange-power,can,69958,330ml,28696.72
5004,2016-08-31,shop_4,gazoza,glass,55121,500ml,39533.53
5005,2016-08-31,shop_4,gazoza,plastic,46946,1.5lt,52298.47
5006,2016-08-31,shop_4,gazoza,can,93404,330ml,28733.02
5007,2016-08-31,shop_4,lemon-boost,glass,44735,500ml,37398.96
5008,2016-08-31,shop_4,lemon-boost,plastic,31658,1.5lt,61344.11
5009,2016-08-31,shop_4,lemon-boost,can,37026,330ml,19319.34
5010,2016-08-31,shop_3,kinder-cola,glass,11792,500ml,17909.35
5011,2016-08-31,shop_3,kinder-cola,plastic,8111,1.5lt,31129.96
5012,2016-08-31,shop_3,kinder-cola,can,15108,330ml,13647.45
5013,2016-08-31,shop_3,adult-cola,glass,21187,500ml,24563.72
5014,2016-08-31,shop_3,adult-cola,plastic,12520,1.5lt,41002.45
5015,2016-08-31,shop_3,adult-cola,can,20581,330ml,16821.25
5016,2016-08-31,shop_3,orange-power,glass,13428,500ml,15408.94
5017,2016-08-31,shop_3,orange-power,plastic,17791,1.5lt,35132.22
5018,2016-08-31,shop_3,orange-power,can,22982,330ml,13830.9
5019,2016-08-31,shop_3,gazoza,glass,32827,500ml,22467.94
5020,2016-08-31,shop_3,gazoza,plastic,20581,1.5lt,26129.31
5021,2016-08-31,shop_3,gazoza,can,33849,330ml,13859.97
5022,2016-08-31,shop_3,lemon-boost,glass,20688,500ml,21655.44
5023,2016-08-31,shop_3,lemon-boost,plastic,11451,1.5lt,30315.27
5024,2016-08-31,shop_3,lemon-boost,can,27745,330ml,12804.75
5040,2016-09-30,shop_1,kinder-cola,glass,10459,500ml,15300.37
5041,2016-09-30,shop_1,kinder-cola,plastic,17348,1.5lt,33696.05
5042,2016-09-30,shop_1,kinder-cola,can,9791,330ml,10341.85
5043,2016-09-30,shop_1,adult-cola,glass,28646,500ml,28098.25
5044,2016-09-30,shop_1,adult-cola,plastic,16650,1.5lt,42338.32
5045,2016-09-30,shop_1,adult-cola,can,39283,330ml,20858.81
5046,2016-09-30,shop_1,orange-power,glass,64726,500ml,41795.85
5047,2016-09-30,shop_1,orange-power,plastic,18027,1.5lt,40761.56
5048,2016-09-30,shop_1,orange-power,can,56473,330ml,20912.6
5049,2016-09-30,shop_1,gazoza,glass,28585,500ml,20939.29
5050,2016-09-30,shop_1,gazoza,plastic,37287,1.5lt,36956.65
5051,2016-09-30,shop_1,gazoza,can,51329,330ml,16358.14
5052,2016-09-30,shop_1,lemon-boost,glass,29209,500ml,22389.65
5053,2016-09-30,shop_1,lemon-boost,plastic,14149,1.5lt,34275.26
5054,2016-09-30,shop_1,lemon-boost,can,33593,330ml,15403.41
5055,2016-09-30,shop_2,kinder-cola,glass,16850,500ml,21180.44
5056,2016-09-30,shop_2,kinder-cola,plastic,18914,1.5lt,36369.67
5057,2016-09-30,shop_2,kinder-cola,can,20596,330ml,15168.58
5058,2016-09-30,shop_2,adult-cola,glass,37116,500ml,34732.49
5059,2016-09-30,shop_2,adult-cola,plastic,19256,1.5lt,51153.01
5060,2016-09-30,shop_2,adult-cola,can,30759,330ml,21304.53
5061,2016-09-30,shop_2,orange-power,glass,34786,500ml,33185.7
5062,2016-09-30,shop_2,orange-power,plastic,33055,1.5lt,41237.92
5063,2016-09-30,shop_2,orange-power,can,36248,330ml,21195.71
5064,2016-09-30,shop_2,gazoza,glass,41129,500ml,29260.22
5065,2016-09-30,shop_2,gazoza,plastic,39470,1.5lt,41507.2
5066,2016-09-30,shop_2,gazoza,can,44566,330ml,17139.61
5067,2016-09-30,shop_2,lemon-boost,glass,22986,500ml,24359.92
5068,2016-09-30,shop_2,lemon-boost,plastic,31890,1.5lt,37715.68
5069,2016-09-30,shop_2,lemon-boost,can,25509,330ml,14700.44
5070,2016-09-30,shop_6,kinder-cola,glass,28909,500ml,35228.57
5071,2016-09-30,shop_6,kinder-cola,plastic,15738,1.5lt,56748.16
5072,2016-09-30,shop_6,kinder-cola,can,36340,330ml,28329.88
5073,2016-09-30,shop_6,adult-cola,glass,54329,500ml,49676.64
5074,2016-09-30,shop_6,adult-cola,plastic,40523,1.5lt,73610.3
5075,2016-09-30,shop_6,adult-cola,can,54170,330ml,34703.39
5076,2016-09-30,shop_6,orange-power,glass,61584,500ml,53896.77
5077,2016-09-30,shop_6,orange-power,plastic,34392,1.5lt,60469.81
5078,2016-09-30,shop_6,orange-power,can,38830,330ml,24746.41
5079,2016-09-30,shop_6,gazoza,glass,82527,500ml,50671.95
5080,2016-09-30,shop_6,gazoza,plastic,43674,1.5lt,54685.54
5081,2016-09-30,shop_6,gazoza,can,76293,330ml,27752.15
5082,2016-09-30,shop_6,lemon-boost,glass,32493,500ml,34338.53
5083,2016-09-30,shop_6,lemon-boost,plastic,34023,1.5lt,63233.45
5084,2016-09-30,shop_6,lemon-boost,can,31751,330ml,20446.57
5085,2016-09-30,shop_4,kinder-cola,glass,21033,500ml,26424.82
5086,2016-09-30,shop_4,kinder-cola,plastic,14054,1.5lt,48157.31
5087,2016-09-30,shop_4,kinder-cola,can,19010,330ml,15989.57
5088,2016-09-30,shop_4,adult-cola,glass,33900,500ml,38298.97
5089,2016-09-30,shop_4,adult-cola,plastic,24663,1.5lt,53692.34
5090,2016-09-30,shop_4,adult-cola,can,35875,330ml,24947.7
5091,2016-09-30,shop_4,orange-power,glass,69389,500ml,45366.67
5092,2016-09-30,shop_4,orange-power,plastic,27902,1.5lt,53230.34
5093,2016-09-30,shop_4,orange-power,can,43180,330ml,23985.13
5094,2016-09-30,shop_4,gazoza,glass,66326,500ml,37559.7
5095,2016-09-30,shop_4,gazoza,plastic,38704,1.5lt,42066.03
5096,2016-09-30,shop_4,gazoza,can,50560,330ml,18599.9
5097,2016-09-30,shop_4,lemon-boost,glass,37051,500ml,28748.91
5098,2016-09-30,shop_4,lemon-boost,plastic,18371,1.5lt,44341.78
5099,2016-09-30,shop_4,lemon-boost,can,28055,330ml,16000.75
5100,2016-09-30,shop_3,kinder-cola,glass,12071,500ml,15848.55
5101,2016-09-30,shop_3,kinder-cola,plastic,7129,1.5lt,23766.2
5102,2016-09-30,shop_3,kinder-cola,can,15656,330ml,12119.28
5103,2016-09-30,shop_3,adult-cola,glass,23515,500ml,20410.11
5104,2016-09-30,shop_3,adult-cola,plastic,19752,1.5lt,26701.1
5105,2016-09-30,shop_3,adult-cola,can,14780,330ml,13520.04
5106,2016-09-30,shop_3,orange-power,glass,43405,500ml,22708.4
5107,2016-09-30,shop_3,orange-power,plastic,16067,1.5lt,32448.5
5108,2016-09-30,shop_3,orange-power,can,13951,330ml,10049.4
5109,2016-09-30,shop_3,gazoza,glass,31278,500ml,20426.53
5110,2016-09-30,shop_3,gazoza,plastic,32150,1.5lt,24255.23
5111,2016-09-30,shop_3,gazoza,can,41418,330ml,12488.61
5112,2016-09-30,shop_3,lemon-boost,glass,25107,500ml,19417.3
5113,2016-09-30,shop_3,lemon-boost,plastic,15260,1.5lt,28735.43
5114,2016-09-30,shop_3,lemon-boost,can,12789,330ml,9043.47
5130,2016-10-31,shop_1,kinder-cola,glass,14904,500ml,16462.65
5131,2016-10-31,shop_1,kinder-cola,plastic,11455,1.5lt,28514.63
5132,2016-10-31,shop_1,kinder-cola,can,17310,330ml,11866.53
5133,2016-10-31,shop_1,adult-cola,glass,20842,500ml,24683.14
5134,2016-10-31,shop_1,adult-cola,plastic,10409,1.5lt,33411.43
5135,2016-10-31,shop_1,adult-cola,can,23259,330ml,16873.93
5136,2016-10-31,shop_1,orange-power,glass,25826,500ml,23483.6
5137,2016-10-31,shop_1,orange-power,plastic,30711,1.5lt,33300.13
5138,2016-10-31,shop_1,orange-power,can,25164,330ml,13280.59
5139,2016-10-31,shop_1,gazoza,glass,44834,500ml,29050.92
5140,2016-10-31,shop_1,gazoza,plastic,28928,1.5lt,28674.29
5141,2016-10-31,shop_1,gazoza,can,58962,330ml,16958.06
5142,2016-10-31,shop_1,lemon-boost,glass,18027,500ml,15198.61
5143,2016-10-31,shop_1,lemon-boost,plastic,16449,1.5lt,26273.66
5144,2016-10-31,shop_1,lemon-boost,can,18104,330ml,11347.14
5145,2016-10-31,shop_2,kinder-cola,glass,16534,500ml,19835.12
5146,2016-10-31,shop_2,kinder-cola,plastic,10918,1.5lt,36889.51
5147,2016-10-31,shop_2,kinder-cola,can,20869,330ml,16989.35
5148,2016-10-31,shop_2,adult-cola,glass,16760,500ml,22718.48
5149,2016-10-31,shop_2,adult-cola,plastic,15448,1.5lt,50139.65
5150,2016-10-31,shop_2,adult-cola,can,22299,330ml,18068.43
5151,2016-10-31,shop_2,orange-power,glass,27594,500ml,26320.16
5152,2016-10-31,shop_2,orange-power,plastic,27327,1.5lt,40435.48
5153,2016-10-31,shop_2,orange-power,can,27116,330ml,15843.97
5154,2016-10-31,shop_2,gazoza,glass,40395,500ml,25635.83
5155,2016-10-31,shop_2,gazoza,plastic,17259,1.5lt,27109.84
5156,2016-10-31,shop_2,gazoza,can,33798,330ml,13116.04
5157,2016-10-31,shop_2,lemon-boost,glass,28643,500ml,25310.42
5158,2016-10-31,shop_2,lemon-boost,plastic,23901,1.5lt,38951.18
5159,2016-10-31,shop_2,lemon-boost,can,33083,330ml,15934.44
5160,2016-10-31,shop_6,kinder-cola,glass,19562,500ml,26455.72
5161,2016-10-31,shop_6,kinder-cola,plastic,14936,1.5lt,48229.67
5162,2016-10-31,shop_6,kinder-cola,can,29321,330ml,23022.05
5163,2016-10-31,shop_6,adult-cola,glass,20941,500ml,28507.04
5164,2016-10-31,shop_6,adult-cola,plastic,24799,1.5lt,66734.97
5165,2016-10-31,shop_6,adult-cola,can,44505,330ml,25169.41
5166,2016-10-31,shop_6,orange-power,glass,32475,500ml,31510.77
5167,2016-10-31,shop_6,orange-power,plastic,32803,1.5lt,62477.05
5168,2016-10-31,shop_6,orange-power,can,52796,330ml,27381.59
5169,2016-10-31,shop_6,gazoza,glass,41245,500ml,30172.1
5170,2016-10-31,shop_6,gazoza,plastic,42016,1.5lt,43922.45
5171,2016-10-31,shop_6,gazoza,can,42251,330ml,17973.82
5172,2016-10-31,shop_6,lemon-boost,glass,26830,500ml,26667.05
5173,2016-10-31,shop_6,lemon-boost,plastic,15100,1.5lt,37020.05
5174,2016-10-31,shop_6,lemon-boost,can,30195,330ml,17707.82
5175,2016-10-31,shop_4,kinder-cola,glass,18416,500ml,22458.03
5176,2016-10-31,shop_4,kinder-cola,plastic,11697,1.5lt,33143.39
5177,2016-10-31,shop_4,kinder-cola,can,19219,330ml,13485.85
5178,2016-10-31,shop_4,adult-cola,glass,26617,500ml,30723.47
5179,2016-10-31,shop_4,adult-cola,plastic,31245,1.5lt,41176.55
5180,2016-10-31,shop_4,adult-cola,can,37245,330ml,23853.67
5181,2016-10-31,shop_4,orange-power,glass,64665,500ml,42571.76
5182,2016-10-31,shop_4,orange-power,plastic,23636,1.5lt,47044.99
5183,2016-10-31,shop_4,orange-power,can,25842,330ml,16118.25
5184,2016-10-31,shop_4,gazoza,glass,42318,500ml,28297.99
5185,2016-10-31,shop_4,gazoza,plastic,21745,1.5lt,29579.81
5186,2016-10-31,shop_4,gazoza,can,54754,330ml,18316.47
5187,2016-10-31,shop_4,lemon-boost,glass,24478,500ml,19822.77
5188,2016-10-31,shop_4,lemon-boost,plastic,22814,1.5lt,38523.99
5189,2016-10-31,shop_4,lemon-boost,can,33313,330ml,17172.15
5190,2016-10-31,shop_3,kinder-cola,glass,15952,500ml,11432.74
5191,2016-10-31,shop_3,kinder-cola,plastic,7114,1.5lt,24176.12
5192,2016-10-31,shop_3,kinder-cola,can,8218,330ml,7856.43
5193,2016-10-31,shop_3,adult-cola,glass,24773,500ml,18638.78
5194,2016-10-31,shop_3,adult-cola,plastic,15869,1.5lt,35182.41
5195,2016-10-31,shop_3,adult-cola,can,30204,330ml,13280.83
5196,2016-10-31,shop_3,orange-power,glass,17521,500ml,17487.43
5197,2016-10-31,shop_3,orange-power,plastic,13659,1.5lt,26934.03
5198,2016-10-31,shop_3,orange-power,can,18446,330ml,10266.29
5199,2016-10-31,shop_3,gazoza,glass,26152,500ml,16632.16
5200,2016-10-31,shop_3,gazoza,plastic,22514,1.5lt,23471.23
5201,2016-10-31,shop_3,gazoza,can,40658,330ml,10833.13
5202,2016-10-31,shop_3,lemon-boost,glass,17617,500ml,15992.29
5203,2016-10-31,shop_3,lemon-boost,plastic,17749,1.5lt,26681.08
5204,2016-10-31,shop_3,lemon-boost,can,15676,330ml,9323.22
5220,2016-11-30,shop_1,kinder-cola,glass,15656,500ml,16081.5
5221,2016-11-30,shop_1,kinder-cola,plastic,8877,1.5lt,27355.64
5222,2016-11-30,shop_1,kinder-cola,can,13857,330ml,10357.63
5223,2016-11-30,shop_1,adult-cola,glass,27985,500ml,23941.3
5224,2016-11-30,shop_1,adult-cola,plastic,15976,1.5lt,42055.81
5225,2016-11-30,shop_1,adult-cola,can,11685,330ml,10714.09
5226,2016-11-30,shop_1,orange-power,glass,9227,500ml,11182.24
5227,2016-11-30,shop_1,orange-power,plastic,21644,1.5lt,32815.35
5228,2016-11-30,shop_1,orange-power,can,19039,330ml,12129.26
5229,2016-11-30,shop_1,gazoza,glass,34431,500ml,23483.69
5230,2016-11-30,shop_1,gazoza,plastic,29730,1.5lt,26915.18
5231,2016-11-30,shop_1,gazoza,can,26161,330ml,10363.88
5232,2016-11-30,shop_1,lemon-boost,glass,15785,500ml,16260.53
5233,2016-11-30,shop_1,lemon-boost,plastic,14611,1.5lt,27023.48
5234,2016-11-30,shop_1,lemon-boost,can,12992,330ml,9357.37
5235,2016-11-30,shop_2,kinder-cola,glass,17249,500ml,22463.02
5236,2016-11-30,shop_2,kinder-cola,plastic,9859,1.5lt,33552.29
5237,2016-11-30,shop_2,kinder-cola,can,19130,330ml,12312.16
5238,2016-11-30,shop_2,adult-cola,glass,18879,500ml,25003.26
5239,2016-11-30,shop_2,adult-cola,plastic,14045,1.5lt,40972.82
5240,2016-11-30,shop_2,adult-cola,can,24876,330ml,17616.97
5241,2016-11-30,shop_2,orange-power,glass,28926,500ml,28909.49
5242,2016-11-30,shop_2,orange-power,plastic,9454,1.5lt,25794.83
5243,2016-11-30,shop_2,orange-power,can,47477,330ml,16519.66
5244,2016-11-30,shop_2,gazoza,glass,50738,500ml,31675.97
5245,2016-11-30,shop_2,gazoza,plastic,26884,1.5lt,26717.19
5246,2016-11-30,shop_2,gazoza,can,32387,330ml,13386.39
5247,2016-11-30,shop_2,lemon-boost,glass,19460,500ml,18934.98
5248,2016-11-30,shop_2,lemon-boost,plastic,18249,1.5lt,33259.02
5249,2016-11-30,shop_2,lemon-boost,can,24504,330ml,14248.28
5250,2016-11-30,shop_6,kinder-cola,glass,11727,500ml,19022.52
5251,2016-11-30,shop_6,kinder-cola,plastic,10775,1.5lt,38098.42
5252,2016-11-30,shop_6,kinder-cola,can,22332,330ml,17501.9
5253,2016-11-30,shop_6,adult-cola,glass,16984,500ml,25341.43
5254,2016-11-30,shop_6,adult-cola,plastic,20834,1.5lt,62714.81
5255,2016-11-30,shop_6,adult-cola,can,29874,330ml,21900.91
5256,2016-11-30,shop_6,orange-power,glass,27602,500ml,27766.09
5257,2016-11-30,shop_6,orange-power,plastic,50732,1.5lt,42772.05
5258,2016-11-30,shop_6,orange-power,can,60156,330ml,26313.22
5259,2016-11-30,shop_6,gazoza,glass,33721,500ml,25850.04
5260,2016-11-30,shop_6,gazoza,plastic,52204,1.5lt,40221.81
5261,2016-11-30,shop_6,gazoza,can,64768,330ml,22636.96
5262,2016-11-30,shop_6,lemon-boost,glass,31282,500ml,28252.83
5263,2016-11-30,shop_6,lemon-boost,plastic,13938,1.5lt,38253.1
5264,2016-11-30,shop_6,lemon-boost,can,40162,330ml,16945.18
5265,2016-11-30,shop_4,kinder-cola,glass,14341,500ml,18764.47
5266,2016-11-30,shop_4,kinder-cola,plastic,10722,1.5lt,35236.39
5267,2016-11-30,shop_4,kinder-cola,can,23900,330ml,15030.65
5268,2016-11-30,shop_4,adult-cola,glass,32267,500ml,31350.67
5269,2016-11-30,shop_4,adult-cola,plastic,15660,1.5lt,37906.86
5270,2016-11-30,shop_4,adult-cola,can,20431,330ml,16690.77
5271,2016-11-30,shop_4,orange-power,glass,26665,500ml,25936.21
5272,2016-11-30,shop_4,orange-power,plastic,14966,1.5lt,33486.96
5273,2016-11-30,shop_4,orange-power,can,50116,330ml,19011.73
5274,2016-11-30,shop_4,gazoza,glass,43737,500ml,28612.87
5275,2016-11-30,shop_4,gazoza,plastic,32281,1.5lt,30919.3
5276,2016-11-30,shop_4,gazoza,can,49107,330ml,16481.72
5277,2016-11-30,shop_4,lemon-boost,glass,27387,500ml,24767.26
5278,2016-11-30,shop_4,lemon-boost,plastic,17485,1.5lt,31361.23
5279,2016-11-30,shop_4,lemon-boost,can,18263,330ml,12352.36
5280,2016-11-30,shop_3,kinder-cola,glass,12416,500ml,12006.09
5281,2016-11-30,shop_3,kinder-cola,plastic,10704,1.5lt,17133.31
5282,2016-11-30,shop_3,kinder-cola,can,12199,330ml,8782.35
5283,2016-11-30,shop_3,adult-cola,glass,13888,500ml,17485.69
5284,2016-11-30,shop_3,adult-cola,plastic,7389,1.5lt,26490.18
5285,2016-11-30,shop_3,adult-cola,can,25916,330ml,14085.81
5286,2016-11-30,shop_3,orange-power,glass,36725,500ml,15207.36
5287,2016-11-30,shop_3,orange-power,plastic,23358,1.5lt,21589.64
5288,2016-11-30,shop_3,orange-power,can,37534,330ml,11611.18
5289,2016-11-30,shop_3,gazoza,glass,30075,500ml,19680.99
5290,2016-11-30,shop_3,gazoza,plastic,23597,1.5lt,23709.35
5291,2016-11-30,shop_3,gazoza,can,30383,330ml,10873.36
5292,2016-11-30,shop_3,lemon-boost,glass,11741,500ml,11579.0
5293,2016-11-30,shop_3,lemon-boost,plastic,10923,1.5lt,15867.28
5294,2016-11-30,shop_3,lemon-boost,can,14068,330ml,9148.05
5310,2016-12-31,shop_1,kinder-cola,glass,22913,500ml,18654.47
5311,2016-12-31,shop_1,kinder-cola,plastic,12388,1.5lt,34429.84
5312,2016-12-31,shop_1,kinder-cola,can,25668,330ml,12668.04
5313,2016-12-31,shop_1,adult-cola,glass,14816,500ml,20737.36
5314,2016-12-31,shop_1,adult-cola,plastic,17187,1.5lt,41420.1
5315,2016-12-31,shop_1,adult-cola,can,30629,330ml,17890.79
5316,2016-12-31,shop_1,orange-power,glass,39549,500ml,27201.12
5317,2016-12-31,shop_1,orange-power,plastic,14954,1.5lt,32858.37
5318,2016-12-31,shop_1,orange-power,can,29629,330ml,15840.29
5319,2016-12-31,shop_1,gazoza,glass,26274,500ml,18296.64
5320,2016-12-31,shop_1,gazoza,plastic,39302,1.5lt,28378.33
5321,2016-12-31,shop_1,gazoza,can,23059,330ml,9992.3
5322,2016-12-31,shop_1,lemon-boost,glass,12610,500ml,14050.24
5323,2016-12-31,shop_1,lemon-boost,plastic,8989,1.5lt,24688.91
5324,2016-12-31,shop_1,lemon-boost,can,26307,330ml,13549.47
5325,2016-12-31,shop_2,kinder-cola,glass,15804,500ml,22391.22
5326,2016-12-31,shop_2,kinder-cola,plastic,9687,1.5lt,37599.12
5327,2016-12-31,shop_2,kinder-cola,can,17324,330ml,16208.18
5328,2016-12-31,shop_2,adult-cola,glass,26807,500ml,30663.55
5329,2016-12-31,shop_2,adult-cola,plastic,17908,1.5lt,53255.31
5330,2016-12-31,shop_2,adult-cola,can,35949,330ml,24587.61
5331,2016-12-31,shop_2,orange-power,glass,44173,500ml,31786.46
5332,2016-12-31,shop_2,orange-power,plastic,17985,1.5lt,42676.05
5333,2016-12-31,shop_2,orange-power,can,35062,330ml,19750.06
5334,2016-12-31,shop_2,gazoza,glass,28699,500ml,22420.5
5335,2016-12-31,shop_2,gazoza,plastic,40584,1.5lt,36953.93
5336,2016-12-31,shop_2,gazoza,can,52445,330ml,19174.29
5337,2016-12-31,shop_2,lemon-boost,glass,20777,500ml,21104.36
5338,2016-12-31,shop_2,lemon-boost,plastic,20969,1.5lt,35837.51
5339,2016-12-31,shop_2,lemon-boost,can,37285,330ml,19440.15
5340,2016-12-31,shop_6,kinder-cola,glass,28656,500ml,33681.39
5341,2016-12-31,shop_6,kinder-cola,plastic,15956,1.5lt,52446.79
5342,2016-12-31,shop_6,kinder-cola,can,28166,330ml,20473.49
5343,2016-12-31,shop_6,adult-cola,glass,38414,500ml,45594.27
5344,2016-12-31,shop_6,adult-cola,plastic,27602,1.5lt,71631.02
5345,2016-12-31,shop_6,adult-cola,can,46797,330ml,29196.73
5346,2016-12-31,shop_6,orange-power,glass,40519,500ml,37491.11
5347,2016-12-31,shop_6,orange-power,plastic,26458,1.5lt,59140.65
5348,2016-12-31,shop_6,orange-power,can,56342,330ml,28466.64
5349,2016-12-31,shop_6,gazoza,glass,43373,500ml,30712.87
5350,2016-12-31,shop_6,gazoza,plastic,46624,1.5lt,48729.19
5351,2016-12-31,shop_6,gazoza,can,72802,330ml,24372.81
5352,2016-12-31,shop_6,lemon-boost,glass,25165,500ml,26954.3
5353,2016-12-31,shop_6,lemon-boost,plastic,15825,1.5lt,42949.21
5354,2016-12-31,shop_6,lemon-boost,can,54182,330ml,24427.1
5355,2016-12-31,shop_4,kinder-cola,glass,14735,500ml,21796.21
5356,2016-12-31,shop_4,kinder-cola,plastic,13730,1.5lt,43263.78
5357,2016-12-31,shop_4,kinder-cola,can,25439,330ml,19412.9
5358,2016-12-31,shop_4,adult-cola,glass,39404,500ml,35281.05
5359,2016-12-31,shop_4,adult-cola,plastic,13650,1.5lt,42088.39
5360,2016-12-31,shop_4,adult-cola,can,37264,330ml,24772.31
5361,2016-12-31,shop_4,orange-power,glass,41258,500ml,34199.27
5362,2016-12-31,shop_4,orange-power,plastic,19011,1.5lt,42814.99
5363,2016-12-31,shop_4,orange-power,can,54191,330ml,25664.17
5364,2016-12-31,shop_4,gazoza,glass,38536,500ml,28029.74
5365,2016-12-31,shop_4,gazoza,plastic,38688,1.5lt,38234.37
5366,2016-12-31,shop_4,gazoza,can,54456,330ml,20419.12
5367,2016-12-31,shop_4,lemon-boost,glass,22479,500ml,24165.07
5368,2016-12-31,shop_4,lemon-boost,plastic,27639,1.5lt,48893.69
5369,2016-12-31,shop_4,lemon-boost,can,45236,330ml,20072.32
5370,2016-12-31,shop_3,kinder-cola,glass,13495,500ml,10890.31
5371,2016-12-31,shop_3,kinder-cola,plastic,5877,1.5lt,21767.43
5372,2016-12-31,shop_3,kinder-cola,can,8801,330ml,8409.28
5373,2016-12-31,shop_3,adult-cola,glass,21511,500ml,13970.8
5374,2016-12-31,shop_3,adult-cola,plastic,11243,1.5lt,29912.14
5375,2016-12-31,shop_3,adult-cola,can,27756,330ml,13931.62
5376,2016-12-31,shop_3,orange-power,glass,29345,500ml,23549.61
5377,2016-12-31,shop_3,orange-power,plastic,18953,1.5lt,38298.57
5378,2016-12-31,shop_3,orange-power,can,32680,330ml,14552.15
5379,2016-12-31,shop_3,gazoza,glass,19415,500ml,14102.49
5380,2016-12-31,shop_3,gazoza,plastic,26527,1.5lt,20210.24
5381,2016-12-31,shop_3,gazoza,can,36827,330ml,12078.76
5382,2016-12-31,shop_3,lemon-boost,glass,9393,500ml,11902.56
5383,2016-12-31,shop_3,lemon-boost,plastic,9881,1.5lt,23885.56
5384,2016-12-31,shop_3,lemon-boost,can,12472,330ml,8302.0
5400,2017-01-31,shop_1,kinder-cola,glass,11280,500ml,14193.17
5401,2017-01-31,shop_1,kinder-cola,plastic,5725,1.5lt,20719.09
5402,2017-01-31,shop_1,kinder-cola,can,15017,330ml,10671.16
5403,2017-01-31,shop_1,adult-cola,glass,19982,500ml,22229.18
5404,2017-01-31,shop_1,adult-cola,plastic,13135,1.5lt,35064.07
5405,2017-01-31,shop_1,adult-cola,can,13420,330ml,10951.07
5406,2017-01-31,shop_1,orange-power,glass,31975,500ml,23861.23
5407,2017-01-31,shop_1,orange-power,plastic,9867,1.5lt,22818.88
5408,2017-01-31,shop_1,orange-power,can,25759,330ml,14786.24
5409,2017-01-31,shop_1,gazoza,glass,28763,500ml,20448.4
5410,2017-01-31,shop_1,gazoza,plastic,22404,1.5lt,25640.48
5411,2017-01-31,shop_1,gazoza,can,27956,330ml,9995.78
5412,2017-01-31,shop_1,lemon-boost,glass,15013,500ml,14258.31
5413,2017-01-31,shop_1,lemon-boost,plastic,7676,1.5lt,21458.31
5414,2017-01-31,shop_1,lemon-boost,can,22270,330ml,11660.07
5415,2017-01-31,shop_2,kinder-cola,glass,14286,500ml,18386.36
5416,2017-01-31,shop_2,kinder-cola,plastic,10481,1.5lt,32670.18
5417,2017-01-31,shop_2,kinder-cola,can,19397,330ml,13430.72
5418,2017-01-31,shop_2,adult-cola,glass,19274,500ml,22898.85
5419,2017-01-31,shop_2,adult-cola,plastic,12210,1.5lt,40705.0
5420,2017-01-31,shop_2,adult-cola,can,16708,330ml,13734.93
5421,2017-01-31,shop_2,orange-power,glass,25175,500ml,22909.36
5422,2017-01-31,shop_2,orange-power,plastic,26449,1.5lt,35096.12
5423,2017-01-31,shop_2,orange-power,can,23468,330ml,14232.01
5424,2017-01-31,shop_2,gazoza,glass,36593,500ml,25214.23
5425,2017-01-31,shop_2,gazoza,plastic,32674,1.5lt,34210.91
5426,2017-01-31,shop_2,gazoza,can,32515,330ml,12521.89
5427,2017-01-31,shop_2,lemon-boost,glass,17770,500ml,18040.92
5428,2017-01-31,shop_2,lemon-boost,plastic,14977,1.5lt,26702.62
5429,2017-01-31,shop_2,lemon-boost,can,26760,330ml,13492.09
5430,2017-01-31,shop_6,kinder-cola,glass,12221,500ml,19146.65
5431,2017-01-31,shop_6,kinder-cola,plastic,18265,1.5lt,37923.7
5432,2017-01-31,shop_6,kinder-cola,can,21309,330ml,17061.38
5433,2017-01-31,shop_6,adult-cola,glass,26063,500ml,28136.13
5434,2017-01-31,shop_6,adult-cola,plastic,21516,1.5lt,47080.37
5435,2017-01-31,shop_6,adult-cola,can,36372,330ml,19442.38
5436,2017-01-31,shop_6,orange-power,glass,27331,500ml,24841.51
5437,2017-01-31,shop_6,orange-power,plastic,33003,1.5lt,56384.26
5438,2017-01-31,shop_6,orange-power,can,38064,330ml,22182.43
5439,2017-01-31,shop_6,gazoza,glass,51523,500ml,34083.22
5440,2017-01-31,shop_6,gazoza,plastic,43831,1.5lt,39836.56
5441,2017-01-31,shop_6,gazoza,can,45373,330ml,16979.47
5442,2017-01-31,shop_6,lemon-boost,glass,28556,500ml,25929.84
5443,2017-01-31,shop_6,lemon-boost,plastic,18090,1.5lt,37093.91
5444,2017-01-31,shop_6,lemon-boost,can,30448,330ml,16694.69
5445,2017-01-31,shop_4,kinder-cola,glass,10936,500ml,17320.18
5446,2017-01-31,shop_4,kinder-cola,plastic,8547,1.5lt,32854.99
5447,2017-01-31,shop_4,kinder-cola,can,23128,330ml,14339.72
5448,2017-01-31,shop_4,adult-cola,glass,22654,500ml,24360.1
5449,2017-01-31,shop_4,adult-cola,plastic,23882,1.5lt,41776.33
5450,2017-01-31,shop_4,adult-cola,can,16510,330ml,14173.15
5451,2017-01-31,shop_4,orange-power,glass,39171,500ml,31954.91
5452,2017-01-31,shop_4,orange-power,plastic,16579,1.5lt,34558.77
5453,2017-01-31,shop_4,orange-power,can,33439,330ml,17619.06
5454,2017-01-31,shop_4,gazoza,glass,20181,500ml,16291.69
5455,2017-01-31,shop_4,gazoza,plastic,35118,1.5lt,36236.35
5456,2017-01-31,shop_4,gazoza,can,34092,330ml,13430.32
5457,2017-01-31,shop_4,lemon-boost,glass,36282,500ml,24886.28
5458,2017-01-31,shop_4,lemon-boost,plastic,10707,1.5lt,27346.02
5459,2017-01-31,shop_4,lemon-boost,can,23190,330ml,13677.72
5460,2017-01-31,shop_3,kinder-cola,glass,7100,500ml,10752.54
5461,2017-01-31,shop_3,kinder-cola,plastic,4678,1.5lt,18737.35
5462,2017-01-31,shop_3,kinder-cola,can,6232,330ml,6079.47
5463,2017-01-31,shop_3,adult-cola,glass,12842,500ml,15774.34
5464,2017-01-31,shop_3,adult-cola,plastic,8830,1.5lt,26068.88
5465,2017-01-31,shop_3,adult-cola,can,16380,330ml,10403.14
5466,2017-01-31,shop_3,orange-power,glass,14517,500ml,14622.26
5467,2017-01-31,shop_3,orange-power,plastic,6057,1.5lt,15952.29
5468,2017-01-31,shop_3,orange-power,can,23044,330ml,10952.11
5469,2017-01-31,shop_3,gazoza,glass,13600,500ml,10666.66
5470,2017-01-31,shop_3,gazoza,plastic,12555,1.5lt,17547.67
5471,2017-01-31,shop_3,gazoza,can,14966,330ml,6259.08
5472,2017-01-31,shop_3,lemon-boost,glass,16049,500ml,14100.16
5473,2017-01-31,shop_3,lemon-boost,plastic,7004,1.5lt,18309.04
5474,2017-01-31,shop_3,lemon-boost,can,9333,330ml,6896.81
5490,2017-02-28,shop_1,kinder-cola,glass,4708,500ml,8393.21
5491,2017-02-28,shop_1,kinder-cola,plastic,8563,1.5lt,22539.14
5492,2017-02-28,shop_1,kinder-cola,can,12869,330ml,8295.24
5493,2017-02-28,shop_1,adult-cola,glass,18233,500ml,14517.12
5494,2017-02-28,shop_1,adult-cola,plastic,15298,1.5lt,22309.36
5495,2017-02-28,shop_1,adult-cola,can,18144,330ml,13515.87
5496,2017-02-28,shop_1,orange-power,glass,24057,500ml,18030.07
5497,2017-02-28,shop_1,orange-power,plastic,19038,1.5lt,24355.81
5498,2017-02-28,shop_1,orange-power,can,31169,330ml,12288.49
5499,2017-02-28,shop_1,gazoza,glass,14414,500ml,10959.04
5500,2017-02-28,shop_1,gazoza,plastic,7113,1.5lt,11107.91
5501,2017-02-28,shop_1,gazoza,can,25024,330ml,9551.89
5502,2017-02-28,shop_1,lemon-boost,glass,16814,500ml,13622.37
5503,2017-02-28,shop_1,lemon-boost,plastic,9766,1.5lt,18522.16
5504,2017-02-28,shop_1,lemon-boost,can,21533,330ml,11022.19
5505,2017-02-28,shop_2,kinder-cola,glass,13630,500ml,15026.21
5506,2017-02-28,shop_2,kinder-cola,plastic,8939,1.5lt,25230.1
5507,2017-02-28,shop_2,kinder-cola,can,7425,330ml,7230.2
5508,2017-02-28,shop_2,adult-cola,glass,15359,500ml,17211.0
5509,2017-02-28,shop_2,adult-cola,plastic,8422,1.5lt,23981.51
5510,2017-02-28,shop_2,adult-cola,can,14346,330ml,12154.0
5511,2017-02-28,shop_2,orange-power,glass,6435,500ml,7803.97
5512,2017-02-28,shop_2,orange-power,plastic,28999,1.5lt,19865.62
5513,2017-02-28,shop_2,orange-power,can,32193,330ml,16198.24
5514,2017-02-28,shop_2,gazoza,glass,20119,500ml,15040.18
5515,2017-02-28,shop_2,gazoza,plastic,31517,1.5lt,25834.64
5516,2017-02-28,shop_2,gazoza,can,33879,330ml,11578.68
5517,2017-02-28,shop_2,lemon-boost,glass,8579,500ml,10867.63
5518,2017-02-28,shop_2,lemon-boost,plastic,5879,1.5lt,16972.78
5519,2017-02-28,shop_2,lemon-boost,can,24297,330ml,11302.86
5520,2017-02-28,shop_6,kinder-cola,glass,12068,500ml,19265.46
5521,2017-02-28,shop_6,kinder-cola,plastic,10991,1.5lt,33766.93
5522,2017-02-28,shop_6,kinder-cola,can,15032,330ml,11442.33
5523,2017-02-28,shop_6,adult-cola,glass,21282,500ml,24498.2
5524,2017-02-28,shop_6,adult-cola,plastic,13177,1.5lt,38769.17
5525,2017-02-28,shop_6,adult-cola,can,32273,330ml,20248.98
5526,2017-02-28,shop_6,orange-power,glass,39373,500ml,31339.53
5527,2017-02-28,shop_6,orange-power,plastic,38214,1.5lt,35963.62
5528,2017-02-28,shop_6,orange-power,can,23166,330ml,14644.84
5529,2017-02-28,shop_6,gazoza,glass,48715,500ml,31571.06
5530,2017-02-28,shop_6,gazoza,plastic,20054,1.5lt,27165.08
5531,2017-02-28,shop_6,gazoza,can,53037,330ml,17969.93
5532,2017-02-28,shop_6,lemon-boost,glass,23281,500ml,22562.2
5533,2017-02-28,shop_6,lemon-boost,plastic,9722,1.5lt,27440.61
5534,2017-02-28,shop_6,lemon-boost,can,26002,330ml,13267.41
5535,2017-02-28,shop_4,kinder-cola,glass,8429,500ml,13201.41
5536,2017-02-28,shop_4,kinder-cola,plastic,6184,1.5lt,24329.12
5537,2017-02-28,shop_4,kinder-cola,can,6479,330ml,7217.35
5538,2017-02-28,shop_4,adult-cola,glass,25398,500ml,14322.19
5539,2017-02-28,shop_4,adult-cola,plastic,16878,1.5lt,36505.52
5540,2017-02-28,shop_4,adult-cola,can,28422,330ml,15526.77
5541,2017-02-28,shop_4,orange-power,glass,19788,500ml,20231.72
5542,2017-02-28,shop_4,orange-power,plastic,17014,1.5lt,35318.55
5543,2017-02-28,shop_4,orange-power,can,33577,330ml,14248.79
5544,2017-02-28,shop_4,gazoza,glass,29058,500ml,18893.14
5545,2017-02-28,shop_4,gazoza,plastic,19884,1.5lt,24598.71
5546,2017-02-28,shop_4,gazoza,can,28989,330ml,11447.0
5547,2017-02-28,shop_4,lemon-boost,glass,11481,500ml,14594.41
5548,2017-02-28,shop_4,lemon-boost,plastic,9398,1.5lt,23530.98
5549,2017-02-28,shop_4,lemon-boost,can,21353,330ml,12091.75
5550,2017-02-28,shop_3,kinder-cola,glass,10394,500ml,9985.82
5551,2017-02-28,shop_3,kinder-cola,plastic,3010,1.5lt,12383.42
5552,2017-02-28,shop_3,kinder-cola,can,8632,330ml,6809.4
5553,2017-02-28,shop_3,adult-cola,glass,12336,500ml,11898.57
5554,2017-02-28,shop_3,adult-cola,plastic,7114,1.5lt,24850.0
5555,2017-02-28,shop_3,adult-cola,can,14487,330ml,9926.35
5556,2017-02-28,shop_3,orange-power,glass,9611,500ml,10675.29
5557,2017-02-28,shop_3,orange-power,plastic,10375,1.5lt,20229.38
5558,2017-02-28,shop_3,orange-power,can,17118,330ml,8745.92
5559,2017-02-28,shop_3,gazoza,glass,8433,500ml,7094.84
5560,2017-02-28,shop_3,gazoza,plastic,21480,1.5lt,13446.26
5561,2017-02-28,shop_3,gazoza,can,19752,330ml,7424.01
5562,2017-02-28,shop_3,lemon-boost,glass,7018,500ml,7884.44
5563,2017-02-28,shop_3,lemon-boost,plastic,11506,1.5lt,13273.6
5564,2017-02-28,shop_3,lemon-boost,can,8186,330ml,5796.43
5580,2017-03-31,shop_1,kinder-cola,glass,18118,500ml,19459.7
5581,2017-03-31,shop_1,kinder-cola,plastic,5909,1.5lt,26844.28
5582,2017-03-31,shop_1,kinder-cola,can,16806,330ml,10815.07
5583,2017-03-31,shop_1,adult-cola,glass,37958,500ml,20968.74
5584,2017-03-31,shop_1,adult-cola,plastic,20732,1.5lt,43514.02
5585,2017-03-31,shop_1,adult-cola,can,32284,330ml,14935.87
5586,2017-03-31,shop_1,orange-power,glass,42758,500ml,28781.25
5587,2017-03-31,shop_1,orange-power,plastic,23959,1.5lt,45269.32
5588,2017-03-31,shop_1,orange-power,can,34691,330ml,18437.31
5589,2017-03-31,shop_1,gazoza,glass,24310,500ml,18965.23
5590,2017-03-31,shop_1,gazoza,plastic,27804,1.5lt,32033.96
5591,2017-03-31,shop_1,gazoza,can,42999,330ml,15167.49
5592,2017-03-31,shop_1,lemon-boost,glass,14531,500ml,16334.93
5593,2017-03-31,shop_1,lemon-boost,plastic,14048,1.5lt,30090.51
5594,2017-03-31,shop_1,lemon-boost,can,15076,330ml,10737.19
5595,2017-03-31,shop_2,kinder-cola,glass,8945,500ml,15166.45
5596,2017-03-31,shop_2,kinder-cola,plastic,11986,1.5lt,34432.6
5597,2017-03-31,shop_2,kinder-cola,can,21546,330ml,14622.57
5598,2017-03-31,shop_2,adult-cola,glass,36509,500ml,23783.67
5599,2017-03-31,shop_2,adult-cola,plastic,17386,1.5lt,47168.93
5600,2017-03-31,shop_2,adult-cola,can,24038,330ml,16912.67
5601,2017-03-31,shop_2,orange-power,glass,24136,500ml,26014.36
5602,2017-03-31,shop_2,orange-power,plastic,27739,1.5lt,45940.04
5603,2017-03-31,shop_2,orange-power,can,52508,330ml,22836.65
5604,2017-03-31,shop_2,gazoza,glass,49679,500ml,31267.02
5605,2017-03-31,shop_2,gazoza,plastic,38246,1.5lt,31032.96
5606,2017-03-31,shop_2,gazoza,can,51981,330ml,18447.56
5607,2017-03-31,shop_2,lemon-boost,glass,26762,500ml,22206.06
5608,2017-03-31,shop_2,lemon-boost,plastic,12620,1.5lt,32262.66
5609,2017-03-31,shop_2,lemon-boost,can,15245,330ml,11613.78
5610,2017-03-31,shop_6,kinder-cola,glass,24587,500ml,28317.96
5611,2017-03-31,shop_6,kinder-cola,plastic,17529,1.5lt,42782.54
5612,2017-03-31,shop_6,kinder-cola,can,23234,330ml,18354.24
5613,2017-03-31,shop_6,adult-cola,glass,37878,500ml,45680.09
5614,2017-03-31,shop_6,adult-cola,plastic,25732,1.5lt,60355.48
5615,2017-03-31,shop_6,adult-cola,can,55222,330ml,27856.37
5616,2017-03-31,shop_6,orange-power,glass,34707,500ml,33069.49
5617,2017-03-31,shop_6,orange-power,plastic,31212,1.5lt,62127.59
5618,2017-03-31,shop_6,orange-power,can,52555,330ml,27265.38
5619,2017-03-31,shop_6,gazoza,glass,50193,500ml,34436.67
5620,2017-03-31,shop_6,gazoza,plastic,40958,1.5lt,44040.53
5621,2017-03-31,shop_6,gazoza,can,50154,330ml,20349.12
5622,2017-03-31,shop_6,lemon-boost,glass,25656,500ml,27736.7
5623,2017-03-31,shop_6,lemon-boost,plastic,19480,1.5lt,46323.97
5624,2017-03-31,shop_6,lemon-boost,can,46575,330ml,19271.9
5625,2017-03-31,shop_4,kinder-cola,glass,16946,500ml,22774.03
5626,2017-03-31,shop_4,kinder-cola,plastic,11330,1.5lt,36830.23
5627,2017-03-31,shop_4,kinder-cola,can,23621,330ml,14444.38
5628,2017-03-31,shop_4,adult-cola,glass,33213,500ml,35195.85
5629,2017-03-31,shop_4,adult-cola,plastic,15138,1.5lt,53709.14
5630,2017-03-31,shop_4,adult-cola,can,29922,330ml,19996.99
5631,2017-03-31,shop_4,orange-power,glass,24451,500ml,27970.02
5632,2017-03-31,shop_4,orange-power,plastic,28613,1.5lt,45908.63
5633,2017-03-31,shop_4,orange-power,can,31266,330ml,18765.59
5634,2017-03-31,shop_4,gazoza,glass,47726,500ml,32271.38
5635,2017-03-31,shop_4,gazoza,plastic,25766,1.5lt,35406.11
5636,2017-03-31,shop_4,gazoza,can,50454,330ml,18569.52
5637,2017-03-31,shop_4,lemon-boost,glass,31115,500ml,28372.3
5638,2017-03-31,shop_4,lemon-boost,plastic,11585,1.5lt,33072.29
5639,2017-03-31,shop_4,lemon-boost,can,25870,330ml,13758.82
5640,2017-03-31,shop_3,kinder-cola,glass,11311,500ml,14591.89
5641,2017-03-31,shop_3,kinder-cola,plastic,8814,1.5lt,22518.62
5642,2017-03-31,shop_3,kinder-cola,can,7921,330ml,8084.75
5643,2017-03-31,shop_3,adult-cola,glass,13988,500ml,18057.04
5644,2017-03-31,shop_3,adult-cola,plastic,12424,1.5lt,30388.0
5645,2017-03-31,shop_3,adult-cola,can,17185,330ml,12710.61
5646,2017-03-31,shop_3,orange-power,glass,14492,500ml,15852.15
5647,2017-03-31,shop_3,orange-power,plastic,11917,1.5lt,28018.54
5648,2017-03-31,shop_3,orange-power,can,18747,330ml,11098.31
5649,2017-03-31,shop_3,gazoza,glass,18170,500ml,14249.79
5650,2017-03-31,shop_3,gazoza,plastic,14419,1.5lt,20319.26
5651,2017-03-31,shop_3,gazoza,can,16072,330ml,7555.63
5652,2017-03-31,shop_3,lemon-boost,glass,16359,500ml,15790.41
5653,2017-03-31,shop_3,lemon-boost,plastic,7011,1.5lt,19947.09
5654,2017-03-31,shop_3,lemon-boost,can,20720,330ml,10254.37
5670,2017-04-30,shop_1,kinder-cola,glass,13101,500ml,18351.92
5671,2017-04-30,shop_1,kinder-cola,plastic,10557,1.5lt,37499.21
5672,2017-04-30,shop_1,kinder-cola,can,23325,330ml,12264.93
5673,2017-04-30,shop_1,adult-cola,glass,26182,500ml,29296.79
5674,2017-04-30,shop_1,adult-cola,plastic,15964,1.5lt,45822.75
5675,2017-04-30,shop_1,adult-cola,can,25809,330ml,18820.41
5676,2017-04-30,shop_1,orange-power,glass,33691,500ml,31994.09
5677,2017-04-30,shop_1,orange-power,plastic,27060,1.5lt,42133.92
5678,2017-04-30,shop_1,orange-power,can,38815,330ml,21152.72
5679,2017-04-30,shop_1,gazoza,glass,40327,500ml,26660.15
5680,2017-04-30,shop_1,gazoza,plastic,28401,1.5lt,34740.25
5681,2017-04-30,shop_1,gazoza,can,50356,330ml,16172.19
5682,2017-04-30,shop_1,lemon-boost,glass,31513,500ml,19436.06
5683,2017-04-30,shop_1,lemon-boost,plastic,16593,1.5lt,26499.0
5684,2017-04-30,shop_1,lemon-boost,can,31032,330ml,16960.53
5685,2017-04-30,shop_2,kinder-cola,glass,14335,500ml,21746.28
5686,2017-04-30,shop_2,kinder-cola,plastic,15210,1.5lt,45213.72
5687,2017-04-30,shop_2,kinder-cola,can,22065,330ml,16697.79
5688,2017-04-30,shop_2,adult-cola,glass,28537,500ml,34270.9
5689,2017-04-30,shop_2,adult-cola,plastic,20592,1.5lt,51059.75
5690,2017-04-30,shop_2,adult-cola,can,49533,330ml,26013.38
5691,2017-04-30,shop_2,orange-power,glass,46815,500ml,37679.68
5692,2017-04-30,shop_2,orange-power,plastic,19634,1.5lt,43500.72
5693,2017-04-30,shop_2,orange-power,can,60857,330ml,25628.83
5694,2017-04-30,shop_2,gazoza,glass,39370,500ml,27340.52
5695,2017-04-30,shop_2,gazoza,plastic,30081,1.5lt,37681.68
5696,2017-04-30,shop_2,gazoza,can,57191,330ml,20927.64
5697,2017-04-30,shop_2,lemon-boost,glass,27180,500ml,27755.89
5698,2017-04-30,shop_2,lemon-boost,plastic,17861,1.5lt,43328.14
5699,2017-04-30,shop_2,lemon-boost,can,27339,330ml,15152.85
5700,2017-04-30,shop_6,kinder-cola,glass,17449,500ml,28445.28
5701,2017-04-30,shop_6,kinder-cola,plastic,20044,1.5lt,61290.96
5702,2017-04-30,shop_6,kinder-cola,can,25641,330ml,22274.26
5703,2017-04-30,shop_6,adult-cola,glass,36817,500ml,43888.94
5704,2017-04-30,shop_6,adult-cola,plastic,31037,1.5lt,78508.91
5705,2017-04-30,shop_6,adult-cola,can,51974,330ml,36057.71
5706,2017-04-30,shop_6,orange-power,glass,45610,500ml,43796.78
5707,2017-04-30,shop_6,orange-power,plastic,40998,1.5lt,74385.97
5708,2017-04-30,shop_6,orange-power,can,59612,330ml,31385.26
5709,2017-04-30,shop_6,gazoza,glass,62409,500ml,44407.75
5710,2017-04-30,shop_6,gazoza,plastic,40375,1.5lt,53583.18
5711,2017-04-30,shop_6,gazoza,can,65634,330ml,23891.21
5712,2017-04-30,shop_6,lemon-boost,glass,32852,500ml,33827.98
5713,2017-04-30,shop_6,lemon-boost,plastic,33281,1.5lt,57679.22
5714,2017-04-30,shop_6,lemon-boost,can,40527,330ml,22598.5
5715,2017-04-30,shop_4,kinder-cola,glass,14601,500ml,21448.75
5716,2017-04-30,shop_4,kinder-cola,plastic,15022,1.5lt,49402.84
5717,2017-04-30,shop_4,kinder-cola,can,27935,330ml,17040.48
5718,2017-04-30,shop_4,adult-cola,glass,37190,500ml,43925.43
5719,2017-04-30,shop_4,adult-cola,plastic,28009,1.5lt,64570.19
5720,2017-04-30,shop_4,adult-cola,can,41320,330ml,27795.34
5721,2017-04-30,shop_4,orange-power,glass,47568,500ml,40809.03
5722,2017-04-30,shop_4,orange-power,plastic,34399,1.5lt,55614.05
5723,2017-04-30,shop_4,orange-power,can,39858,330ml,22704.81
5724,2017-04-30,shop_4,gazoza,glass,48745,500ml,35447.7
5725,2017-04-30,shop_4,gazoza,plastic,36949,1.5lt,37779.91
5726,2017-04-30,shop_4,gazoza,can,39192,330ml,16911.74
5727,2017-04-30,shop_4,lemon-boost,glass,28260,500ml,26640.65
5728,2017-04-30,shop_4,lemon-boost,plastic,24088,1.5lt,44273.59
5729,2017-04-30,shop_4,lemon-boost,can,34440,330ml,21477.32
5730,2017-04-30,shop_3,kinder-cola,glass,19021,500ml,13158.07
5731,2017-04-30,shop_3,kinder-cola,plastic,7296,1.5lt,27433.32
5732,2017-04-30,shop_3,kinder-cola,can,25483,330ml,14951.94
5733,2017-04-30,shop_3,adult-cola,glass,21588,500ml,21302.78
5734,2017-04-30,shop_3,adult-cola,plastic,15423,1.5lt,36522.99
5735,2017-04-30,shop_3,adult-cola,can,31362,330ml,16424.31
5736,2017-04-30,shop_3,orange-power,glass,29279,500ml,24705.36
5737,2017-04-30,shop_3,orange-power,plastic,20663,1.5lt,36405.17
5738,2017-04-30,shop_3,orange-power,can,24033,330ml,14151.02
5739,2017-04-30,shop_3,gazoza,glass,31124,500ml,20790.74
5740,2017-04-30,shop_3,gazoza,plastic,14068,1.5lt,21179.43
5741,2017-04-30,shop_3,gazoza,can,38548,330ml,13321.04
5742,2017-04-30,shop_3,lemon-boost,glass,18978,500ml,19479.87
5743,2017-04-30,shop_3,lemon-boost,plastic,20273,1.5lt,30352.36
5744,2017-04-30,shop_3,lemon-boost,can,24031,330ml,9746.25
5760,2017-05-31,shop_1,kinder-cola,glass,10614,500ml,18259.31
5761,2017-05-31,shop_1,kinder-cola,plastic,11234,1.5lt,42239.69
5762,2017-05-31,shop_1,kinder-cola,can,23695,330ml,17120.86
5763,2017-05-31,shop_1,adult-cola,glass,25557,500ml,32388.51
5764,2017-05-31,shop_1,adult-cola,plastic,14759,1.5lt,42946.88
5765,2017-05-31,shop_1,adult-cola,can,28304,330ml,21683.05
5766,2017-05-31,shop_1,orange-power,glass,37266,500ml,36319.74
5767,2017-05-31,shop_1,orange-power,plastic,26595,1.5lt,48451.68
5768,2017-05-31,shop_1,orange-power,can,32401,330ml,19293.88
5769,2017-05-31,shop_1,gazoza,glass,37253,500ml,26939.89
5770,2017-05-31,shop_1,gazoza,plastic,22869,1.5lt,32747.72
5771,2017-05-31,shop_1,gazoza,can,26544,330ml,12298.61
5772,2017-05-31,shop_1,lemon-boost,glass,20194,500ml,19906.33
5773,2017-05-31,shop_1,lemon-boost,plastic,15466,1.5lt,36401.53
5774,2017-05-31,shop_1,lemon-boost,can,32797,330ml,19802.33
5775,2017-05-31,shop_2,kinder-cola,glass,28044,500ml,25623.58
5776,2017-05-31,shop_2,kinder-cola,plastic,21109,1.5lt,46382.5
5777,2017-05-31,shop_2,kinder-cola,can,32285,330ml,19594.96
5778,2017-05-31,shop_2,adult-cola,glass,42032,500ml,34977.53
5779,2017-05-31,shop_2,adult-cola,plastic,25020,1.5lt,70299.21
5780,2017-05-31,shop_2,adult-cola,can,34553,330ml,26021.09
5781,2017-05-31,shop_2,orange-power,glass,47656,500ml,41391.98
5782,2017-05-31,shop_2,orange-power,plastic,27795,1.5lt,57851.35
5783,2017-05-31,shop_2,orange-power,can,48327,330ml,27128.65
5784,2017-05-31,shop_2,gazoza,glass,22186,500ml,18916.55
5785,2017-05-31,shop_2,gazoza,plastic,41193,1.5lt,49808.61
5786,2017-05-31,shop_2,gazoza,can,56289,330ml,20641.37
5787,2017-05-31,shop_2,lemon-boost,glass,25454,500ml,26485.34
5788,2017-05-31,shop_2,lemon-boost,plastic,20269,1.5lt,47093.84
5789,2017-05-31,shop_2,lemon-boost,can,43147,330ml,20526.04
5790,2017-05-31,shop_6,kinder-cola,glass,38306,500ml,41654.27
5791,2017-05-31,shop_6,kinder-cola,plastic,24208,1.5lt,68182.67
5792,2017-05-31,shop_6,kinder-cola,can,38176,330ml,24796.3
5793,2017-05-31,shop_6,adult-cola,glass,34046,500ml,46913.75
5794,2017-05-31,shop_6,adult-cola,plastic,50764,1.5lt,62898.14
5795,2017-05-31,shop_6,adult-cola,can,52853,330ml,37665.6
5796,2017-05-31,shop_6,orange-power,glass,49353,500ml,49415.62
5797,2017-05-31,shop_6,orange-power,plastic,48220,1.5lt,83272.23
5798,2017-05-31,shop_6,orange-power,can,38075,330ml,26065.11
5799,2017-05-31,shop_6,gazoza,glass,63218,500ml,43793.83
5800,2017-05-31,shop_6,gazoza,plastic,55276,1.5lt,61568.54
5801,2017-05-31,shop_6,gazoza,can,74363,330ml,29084.05
5802,2017-05-31,shop_6,lemon-boost,glass,35525,500ml,37473.06
5803,2017-05-31,shop_6,lemon-boost,plastic,28326,1.5lt,62974.1
5804,2017-05-31,shop_6,lemon-boost,can,51370,330ml,28479.4
5805,2017-05-31,shop_4,kinder-cola,glass,36575,500ml,31995.33
5806,2017-05-31,shop_4,kinder-cola,plastic,14368,1.5lt,46739.01
5807,2017-05-31,shop_4,kinder-cola,can,25684,330ml,22060.34
5808,2017-05-31,shop_4,adult-cola,glass,45439,500ml,46521.1
5809,2017-05-31,shop_4,adult-cola,plastic,34485,1.5lt,71982.33
5810,2017-05-31,shop_4,adult-cola,can,50621,330ml,29039.58
5811,2017-05-31,shop_4,orange-power,glass,43491,500ml,40782.24
5812,2017-05-31,shop_4,orange-power,plastic,45459,1.5lt,73576.8
5813,2017-05-31,shop_4,orange-power,can,75959,330ml,31845.58
5814,2017-05-31,shop_4,gazoza,glass,59796,500ml,37506.85
5815,2017-05-31,shop_4,gazoza,plastic,26172,1.5lt,40038.97
5816,2017-05-31,shop_4,gazoza,can,53493,330ml,21505.89
5817,2017-05-31,shop_4,lemon-boost,glass,41662,500ml,33658.26
5818,2017-05-31,shop_4,lemon-boost,plastic,28965,1.5lt,51811.78
5819,2017-05-31,shop_4,lemon-boost,can,26742,330ml,19976.49
5820,2017-05-31,shop_3,kinder-cola,glass,5760,500ml,10783.14
5821,2017-05-31,shop_3,kinder-cola,plastic,9163,1.5lt,34004.97
5822,2017-05-31,shop_3,kinder-cola,can,19499,330ml,11712.0
5823,2017-05-31,shop_3,adult-cola,glass,22503,500ml,26691.81
5824,2017-05-31,shop_3,adult-cola,plastic,16777,1.5lt,44287.89
5825,2017-05-31,shop_3,adult-cola,can,27929,330ml,19846.04
5826,2017-05-31,shop_3,orange-power,glass,30761,500ml,26542.72
5827,2017-05-31,shop_3,orange-power,plastic,22606,1.5lt,36486.67
5828,2017-05-31,shop_3,orange-power,can,28263,330ml,15953.49
5829,2017-05-31,shop_3,gazoza,glass,34260,500ml,23450.83
5830,2017-05-31,shop_3,gazoza,plastic,31767,1.5lt,32250.98
5831,2017-05-31,shop_3,gazoza,can,16072,330ml,7875.97
5832,2017-05-31,shop_3,lemon-boost,glass,18063,500ml,17899.57
5833,2017-05-31,shop_3,lemon-boost,plastic,9917,1.5lt,29481.16
5834,2017-05-31,shop_3,lemon-boost,can,20817,330ml,11458.38
5850,2017-06-30,shop_1,kinder-cola,glass,22880,500ml,26061.86
5851,2017-06-30,shop_1,kinder-cola,plastic,13350,1.5lt,44325.75
5852,2017-06-30,shop_1,kinder-cola,can,18825,330ml,16308.11
5853,2017-06-30,shop_1,adult-cola,glass,26021,500ml,32187.53
5854,2017-06-30,shop_1,adult-cola,plastic,27076,1.5lt,52611.04
5855,2017-06-30,shop_1,adult-cola,can,44386,330ml,25532.44
5856,2017-06-30,shop_1,orange-power,glass,42665,500ml,36851.87
5857,2017-06-30,shop_1,orange-power,plastic,25190,1.5lt,50469.33
5858,2017-06-30,shop_1,orange-power,can,64056,330ml,25574.95
5859,2017-06-30,shop_1,gazoza,glass,37975,500ml,28452.55
5860,2017-06-30,shop_1,gazoza,plastic,37878,1.5lt,45023.12
5861,2017-06-30,shop_1,gazoza,can,42922,330ml,18183.09
5862,2017-06-30,shop_1,lemon-boost,glass,29265,500ml,26910.07
5863,2017-06-30,shop_1,lemon-boost,plastic,17898,1.5lt,40986.36
5864,2017-06-30,shop_1,lemon-boost,can,31205,330ml,17795.42
5865,2017-06-30,shop_2,kinder-cola,glass,21996,500ml,31772.02
5866,2017-06-30,shop_2,kinder-cola,plastic,18189,1.5lt,50590.96
5867,2017-06-30,shop_2,kinder-cola,can,31760,330ml,25338.29
5868,2017-06-30,shop_2,adult-cola,glass,34847,500ml,44577.86
5869,2017-06-30,shop_2,adult-cola,plastic,37880,1.5lt,61165.42
5870,2017-06-30,shop_2,adult-cola,can,42538,330ml,31018.14
5871,2017-06-30,shop_2,orange-power,glass,38383,500ml,40077.56
5872,2017-06-30,shop_2,orange-power,plastic,41291,1.5lt,72329.93
5873,2017-06-30,shop_2,orange-power,can,42831,330ml,25302.54
5874,2017-06-30,shop_2,gazoza,glass,52665,500ml,37556.66
5875,2017-06-30,shop_2,gazoza,plastic,44098,1.5lt,46851.42
5876,2017-06-30,shop_2,gazoza,can,63153,330ml,24457.87
5877,2017-06-30,shop_2,lemon-boost,glass,36333,500ml,35300.18
5878,2017-06-30,shop_2,lemon-boost,plastic,31956,1.5lt,58056.71
5879,2017-06-30,shop_2,lemon-boost,can,52396,330ml,23611.41
5880,2017-06-30,shop_6,kinder-cola,glass,28549,500ml,43066.07
5881,2017-06-30,shop_6,kinder-cola,plastic,26378,1.5lt,69096.71
5882,2017-06-30,shop_6,kinder-cola,can,58792,330ml,30975.85
5883,2017-06-30,shop_6,adult-cola,glass,30384,500ml,42381.78
5884,2017-06-30,shop_6,adult-cola,plastic,48590,1.5lt,88807.79
5885,2017-06-30,shop_6,adult-cola,can,64108,330ml,39485.44
5886,2017-06-30,shop_6,orange-power,glass,66333,500ml,59959.65
5887,2017-06-30,shop_6,orange-power,plastic,43295,1.5lt,86391.92
5888,2017-06-30,shop_6,orange-power,can,64514,330ml,36122.31
5889,2017-06-30,shop_6,gazoza,glass,77063,500ml,56441.3
5890,2017-06-30,shop_6,gazoza,plastic,57498,1.5lt,65112.43
5891,2017-06-30,shop_6,gazoza,can,100678,330ml,34621.29
5892,2017-06-30,shop_6,lemon-boost,glass,44914,500ml,46637.4
5893,2017-06-30,shop_6,lemon-boost,plastic,29693,1.5lt,61005.83
5894,2017-06-30,shop_6,lemon-boost,can,44419,330ml,28950.66
5895,2017-06-30,shop_4,kinder-cola,glass,22215,500ml,31784.75
5896,2017-06-30,shop_4,kinder-cola,plastic,19144,1.5lt,62051.05
5897,2017-06-30,shop_4,kinder-cola,can,36043,330ml,22558.96
5898,2017-06-30,shop_4,adult-cola,glass,37991,500ml,44481.84
5899,2017-06-30,shop_4,adult-cola,plastic,33177,1.5lt,82539.84
5900,2017-06-30,shop_4,adult-cola,can,45521,330ml,34787.52
5901,2017-06-30,shop_4,orange-power,glass,37664,500ml,38922.51
5902,2017-06-30,shop_4,orange-power,plastic,37939,1.5lt,75980.12
5903,2017-06-30,shop_4,orange-power,can,57820,330ml,30759.76
5904,2017-06-30,shop_4,gazoza,glass,59074,500ml,40455.73
5905,2017-06-30,shop_4,gazoza,plastic,28875,1.5lt,42413.73
5906,2017-06-30,shop_4,gazoza,can,85319,330ml,29386.8
5907,2017-06-30,shop_4,lemon-boost,glass,37348,500ml,34656.41
5908,2017-06-30,shop_4,lemon-boost,plastic,29706,1.5lt,60916.37
5909,2017-06-30,shop_4,lemon-boost,can,42700,330ml,23318.11
5910,2017-06-30,shop_3,kinder-cola,glass,14764,500ml,21922.67
5911,2017-06-30,shop_3,kinder-cola,plastic,11045,1.5lt,33472.09
5912,2017-06-30,shop_3,kinder-cola,can,30153,330ml,15747.9
5913,2017-06-30,shop_3,adult-cola,glass,30405,500ml,25900.54
5914,2017-06-30,shop_3,adult-cola,plastic,18916,1.5lt,56742.37
5915,2017-06-30,shop_3,adult-cola,can,35877,330ml,22079.79
5916,2017-06-30,shop_3,orange-power,glass,29389,500ml,29332.27
5917,2017-06-30,shop_3,orange-power,plastic,16087,1.5lt,39140.16
5918,2017-06-30,shop_3,orange-power,can,31080,330ml,18054.01
5919,2017-06-30,shop_3,gazoza,glass,42600,500ml,28320.58
5920,2017-06-30,shop_3,gazoza,plastic,16765,1.5lt,26147.02
5921,2017-06-30,shop_3,gazoza,can,40060,330ml,15996.12
5922,2017-06-30,shop_3,lemon-boost,glass,11953,500ml,15650.03
5923,2017-06-30,shop_3,lemon-boost,plastic,11596,1.5lt,28186.08
5924,2017-06-30,shop_3,lemon-boost,can,31379,330ml,17811.14
5940,2017-07-31,shop_1,kinder-cola,glass,20643,500ml,27992.64
5941,2017-07-31,shop_1,kinder-cola,plastic,15790,1.5lt,51615.96
5942,2017-07-31,shop_1,kinder-cola,can,18236,330ml,18631.58
5943,2017-07-31,shop_1,adult-cola,glass,31933,500ml,33331.62
5944,2017-07-31,shop_1,adult-cola,plastic,37424,1.5lt,44244.51
5945,2017-07-31,shop_1,adult-cola,can,68189,330ml,27930.05
5946,2017-07-31,shop_1,orange-power,glass,41062,500ml,38528.37
5947,2017-07-31,shop_1,orange-power,plastic,17998,1.5lt,43571.21
5948,2017-07-31,shop_1,orange-power,can,54928,330ml,29098.49
5949,2017-07-31,shop_1,gazoza,glass,45658,500ml,33824.07
5950,2017-07-31,shop_1,gazoza,plastic,19786,1.5lt,32060.83
5951,2017-07-31,shop_1,gazoza,can,55112,330ml,20160.49
5952,2017-07-31,shop_1,lemon-boost,glass,30183,500ml,33145.32
5953,2017-07-31,shop_1,lemon-boost,plastic,19503,1.5lt,47628.32
5954,2017-07-31,shop_1,lemon-boost,can,31232,330ml,20192.33
5955,2017-07-31,shop_2,kinder-cola,glass,27609,500ml,36065.84
5956,2017-07-31,shop_2,kinder-cola,plastic,17945,1.5lt,62888.08
5957,2017-07-31,shop_2,kinder-cola,can,42805,330ml,21041.0
5958,2017-07-31,shop_2,adult-cola,glass,51608,500ml,48362.44
5959,2017-07-31,shop_2,adult-cola,plastic,40499,1.5lt,52927.13
5960,2017-07-31,shop_2,adult-cola,can,53566,330ml,34374.08
5961,2017-07-31,shop_2,orange-power,glass,81051,500ml,61388.3
5962,2017-07-31,shop_2,orange-power,plastic,45371,1.5lt,65403.03
5963,2017-07-31,shop_2,orange-power,can,44106,330ml,26915.24
5964,2017-07-31,shop_2,gazoza,glass,52517,500ml,39128.36
5965,2017-07-31,shop_2,gazoza,plastic,40219,1.5lt,54087.09
5966,2017-07-31,shop_2,gazoza,can,58192,330ml,25691.43
5967,2017-07-31,shop_2,lemon-boost,glass,37387,500ml,39881.26
5968,2017-07-31,shop_2,lemon-boost,plastic,32290,1.5lt,54078.48
5969,2017-07-31,shop_2,lemon-boost,can,35034,330ml,23485.33
5970,2017-07-31,shop_6,kinder-cola,glass,41822,500ml,49634.75
5971,2017-07-31,shop_6,kinder-cola,plastic,23835,1.5lt,81212.91
5972,2017-07-31,shop_6,kinder-cola,can,42216,330ml,32827.81
5973,2017-07-31,shop_6,adult-cola,glass,54942,500ml,66548.25
5974,2017-07-31,shop_6,adult-cola,plastic,51558,1.5lt,103261.65
5975,2017-07-31,shop_6,adult-cola,can,74844,330ml,47576.52
5976,2017-07-31,shop_6,orange-power,glass,50766,500ml,54268.14
5977,2017-07-31,shop_6,orange-power,plastic,57048,1.5lt,110287.54
5978,2017-07-31,shop_6,orange-power,can,90751,330ml,45176.91
5979,2017-07-31,shop_6,gazoza,glass,91946,500ml,62120.8
5980,2017-07-31,shop_6,gazoza,plastic,52981,1.5lt,72466.26
5981,2017-07-31,shop_6,gazoza,can,116770,330ml,35117.85
5982,2017-07-31,shop_6,lemon-boost,glass,54493,500ml,50803.39
5983,2017-07-31,shop_6,lemon-boost,plastic,40141,1.5lt,83384.65
5984,2017-07-31,shop_6,lemon-boost,can,56253,330ml,33794.35
5985,2017-07-31,shop_4,kinder-cola,glass,28306,500ml,36785.6
5986,2017-07-31,shop_4,kinder-cola,plastic,22264,1.5lt,66730.28
5987,2017-07-31,shop_4,kinder-cola,can,21504,330ml,20867.33
5988,2017-07-31,shop_4,adult-cola,glass,44287,500ml,49402.9
5989,2017-07-31,shop_4,adult-cola,plastic,36880,1.5lt,86639.85
5990,2017-07-31,shop_4,adult-cola,can,53843,330ml,36194.06
5991,2017-07-31,shop_4,orange-power,glass,55400,500ml,48634.68
5992,2017-07-31,shop_4,orange-power,plastic,27656,1.5lt,67556.45
5993,2017-07-31,shop_4,orange-power,can,71793,330ml,36298.71
5994,2017-07-31,shop_4,gazoza,glass,74875,500ml,48664.15
5995,2017-07-31,shop_4,gazoza,plastic,61710,1.5lt,69721.48
5996,2017-07-31,shop_4,gazoza,can,94255,330ml,30383.71
5997,2017-07-31,shop_4,lemon-boost,glass,32341,500ml,36512.73
5998,2017-07-31,shop_4,lemon-boost,plastic,30698,1.5lt,67630.28
5999,2017-07-31,shop_4,lemon-boost,can,55462,330ml,28247.95
6000,2017-07-31,shop_3,kinder-cola,glass,22051,500ml,22684.57
6001,2017-07-31,shop_3,kinder-cola,plastic,15692,1.5lt,33556.38
6002,2017-07-31,shop_3,kinder-cola,can,23998,330ml,17713.26
6003,2017-07-31,shop_3,adult-cola,glass,34350,500ml,32386.74
6004,2017-07-31,shop_3,adult-cola,plastic,10742,1.5lt,37151.54
6005,2017-07-31,shop_3,adult-cola,can,44522,330ml,25912.78
6006,2017-07-31,shop_3,orange-power,glass,64035,500ml,42000.27
6007,2017-07-31,shop_3,orange-power,plastic,35283,1.5lt,64467.05
6008,2017-07-31,shop_3,orange-power,can,32606,330ml,21325.89
6009,2017-07-31,shop_3,gazoza,glass,47135,500ml,31984.83
6010,2017-07-31,shop_3,gazoza,plastic,24671,1.5lt,32813.18
6011,2017-07-31,shop_3,gazoza,can,55918,330ml,19204.48
6012,2017-07-31,shop_3,lemon-boost,glass,36944,500ml,25992.22
6013,2017-07-31,shop_3,lemon-boost,plastic,15787,1.5lt,34070.5
6014,2017-07-31,shop_3,lemon-boost,can,38338,330ml,19830.4
6030,2017-08-31,shop_1,kinder-cola,glass,15175,500ml,22437.16
6031,2017-08-31,shop_1,kinder-cola,plastic,9788,1.5lt,41939.22
6032,2017-08-31,shop_1,kinder-cola,can,17218,330ml,16075.47
6033,2017-08-31,shop_1,adult-cola,glass,21913,500ml,29918.08
6034,2017-08-31,shop_1,adult-cola,plastic,26086,1.5lt,68090.77
6035,2017-08-31,shop_1,adult-cola,can,19795,330ml,18223.76
6036,2017-08-31,shop_1,orange-power,glass,24088,500ml,26612.38
6037,2017-08-31,shop_1,orange-power,plastic,28081,1.5lt,51265.74
6038,2017-08-31,shop_1,orange-power,can,41106,330ml,23230.32
6039,2017-08-31,shop_1,gazoza,glass,39127,500ml,27358.55
6040,2017-08-31,shop_1,gazoza,plastic,36220,1.5lt,42869.45
6041,2017-08-31,shop_1,gazoza,can,54978,330ml,17068.45
6042,2017-08-31,shop_1,lemon-boost,glass,32476,500ml,29875.01
6043,2017-08-31,shop_1,lemon-boost,plastic,23845,1.5lt,45002.92
6044,2017-08-31,shop_1,lemon-boost,can,35217,330ml,19592.49
6045,2017-08-31,shop_2,kinder-cola,glass,20504,500ml,26218.45
6046,2017-08-31,shop_2,kinder-cola,plastic,18161,1.5lt,51379.01
6047,2017-08-31,shop_2,kinder-cola,can,30283,330ml,19289.63
6048,2017-08-31,shop_2,adult-cola,glass,47088,500ml,46487.41
6049,2017-08-31,shop_2,adult-cola,plastic,31011,1.5lt,75367.65
6050,2017-08-31,shop_2,adult-cola,can,43683,330ml,25712.97
6051,2017-08-31,shop_2,orange-power,glass,50996,500ml,41926.64
6052,2017-08-31,shop_2,orange-power,plastic,34258,1.5lt,65117.58
6053,2017-08-31,shop_2,orange-power,can,72353,330ml,27180.51
6054,2017-08-31,shop_2,gazoza,glass,51019,500ml,35506.59
6055,2017-08-31,shop_2,gazoza,plastic,28316,1.5lt,38991.22
6056,2017-08-31,shop_2,gazoza,can,64079,330ml,21831.65
6057,2017-08-31,shop_2,lemon-boost,glass,26844,500ml,29472.69
6058,2017-08-31,shop_2,lemon-boost,plastic,23189,1.5lt,48693.99
6059,2017-08-31,shop_2,lemon-boost,can,38350,330ml,22174.47
6060,2017-08-31,shop_6,kinder-cola,glass,33411,500ml,40874.12
6061,2017-08-31,shop_6,kinder-cola,plastic,15652,1.5lt,60962.3
6062,2017-08-31,shop_6,kinder-cola,can,48111,330ml,30392.43
6063,2017-08-31,shop_6,adult-cola,glass,66413,500ml,65309.21
6064,2017-08-31,shop_6,adult-cola,plastic,43470,1.5lt,98277.03
6065,2017-08-31,shop_6,adult-cola,can,64283,330ml,40700.29
6066,2017-08-31,shop_6,orange-power,glass,73091,500ml,49282.16
6067,2017-08-31,shop_6,orange-power,plastic,51612,1.5lt,66165.2
6068,2017-08-31,shop_6,orange-power,can,62411,330ml,33844.51
6069,2017-08-31,shop_6,gazoza,glass,88528,500ml,58221.24
6070,2017-08-31,shop_6,gazoza,plastic,50758,1.5lt,62341.88
6071,2017-08-31,shop_6,gazoza,can,113486,330ml,34625.9
6072,2017-08-31,shop_6,lemon-boost,glass,53023,500ml,50260.79
6073,2017-08-31,shop_6,lemon-boost,plastic,31961,1.5lt,71569.72
6074,2017-08-31,shop_6,lemon-boost,can,64744,330ml,34300.03
6075,2017-08-31,shop_4,kinder-cola,glass,18782,500ml,27689.82
6076,2017-08-31,shop_4,kinder-cola,plastic,19696,1.5lt,54282.13
6077,2017-08-31,shop_4,kinder-cola,can,24831,330ml,20587.47
6078,2017-08-31,shop_4,adult-cola,glass,41183,500ml,50192.83
6079,2017-08-31,shop_4,adult-cola,plastic,39458,1.5lt,64375.77
6080,2017-08-31,shop_4,adult-cola,can,46179,330ml,30916.89
6081,2017-08-31,shop_4,orange-power,glass,46357,500ml,42765.04
6082,2017-08-31,shop_4,orange-power,plastic,46604,1.5lt,72514.25
6083,2017-08-31,shop_4,orange-power,can,68018,330ml,29323.93
6084,2017-08-31,shop_4,gazoza,glass,60026,500ml,42502.04
6085,2017-08-31,shop_4,gazoza,plastic,35339,1.5lt,48714.81
6086,2017-08-31,shop_4,gazoza,can,50465,330ml,21878.22
6087,2017-08-31,shop_4,lemon-boost,glass,38390,500ml,37197.31
6088,2017-08-31,shop_4,lemon-boost,plastic,27754,1.5lt,62208.69
6089,2017-08-31,shop_4,lemon-boost,can,33111,330ml,19320.89
6090,2017-08-31,shop_3,kinder-cola,glass,13816,500ml,19552.26
6091,2017-08-31,shop_3,kinder-cola,plastic,11850,1.5lt,34392.94
6092,2017-08-31,shop_3,kinder-cola,can,16189,330ml,14308.21
6093,2017-08-31,shop_3,adult-cola,glass,17696,500ml,23328.42
6094,2017-08-31,shop_3,adult-cola,plastic,15969,1.5lt,45569.13
6095,2017-08-31,shop_3,adult-cola,can,34742,330ml,19403.24
6096,2017-08-31,shop_3,orange-power,glass,15887,500ml,17806.85
6097,2017-08-31,shop_3,orange-power,plastic,19407,1.5lt,36587.9
6098,2017-08-31,shop_3,orange-power,can,35671,330ml,16917.54
6099,2017-08-31,shop_3,gazoza,glass,47438,500ml,26747.44
6100,2017-08-31,shop_3,gazoza,plastic,13485,1.5lt,21276.77
6101,2017-08-31,shop_3,gazoza,can,49407,330ml,17102.41
6102,2017-08-31,shop_3,lemon-boost,glass,24068,500ml,23352.72
6103,2017-08-31,shop_3,lemon-boost,plastic,16721,1.5lt,34297.91
6104,2017-08-31,shop_3,lemon-boost,can,18021,330ml,11921.74
6120,2017-09-30,shop_1,kinder-cola,glass,7171,500ml,12607.72
6121,2017-09-30,shop_1,kinder-cola,plastic,11777,1.5lt,38990.72
6122,2017-09-30,shop_1,kinder-cola,can,20178,330ml,13681.2
6123,2017-09-30,shop_1,adult-cola,glass,23405,500ml,27719.36
6124,2017-09-30,shop_1,adult-cola,plastic,17491,1.5lt,43166.66
6125,2017-09-30,shop_1,adult-cola,can,26451,330ml,20322.22
6126,2017-09-30,shop_1,orange-power,glass,43318,500ml,39827.64
6127,2017-09-30,shop_1,orange-power,plastic,27436,1.5lt,46979.09
6128,2017-09-30,shop_1,orange-power,can,46982,330ml,21624.48
6129,2017-09-30,shop_1,gazoza,glass,42900,500ml,26625.79
6130,2017-09-30,shop_1,gazoza,plastic,21654,1.5lt,31911.26
6131,2017-09-30,shop_1,gazoza,can,39349,330ml,15083.84
6132,2017-09-30,shop_1,lemon-boost,glass,20868,500ml,21608.33
6133,2017-09-30,shop_1,lemon-boost,plastic,19888,1.5lt,35912.04
6134,2017-09-30,shop_1,lemon-boost,can,10244,330ml,8686.05
6135,2017-09-30,shop_2,kinder-cola,glass,9441,500ml,16484.81
6136,2017-09-30,shop_2,kinder-cola,plastic,14901,1.5lt,42384.49
6137,2017-09-30,shop_2,kinder-cola,can,23196,330ml,15376.17
6138,2017-09-30,shop_2,adult-cola,glass,36267,500ml,35507.47
6139,2017-09-30,shop_2,adult-cola,plastic,21444,1.5lt,52278.29
6140,2017-09-30,shop_2,adult-cola,can,32477,330ml,22001.13
6141,2017-09-30,shop_2,orange-power,glass,21690,500ml,24978.1
6142,2017-09-30,shop_2,orange-power,plastic,24822,1.5lt,45055.51
6143,2017-09-30,shop_2,orange-power,can,70754,330ml,23978.15
6144,2017-09-30,shop_2,gazoza,glass,46996,500ml,32279.8
6145,2017-09-30,shop_2,gazoza,plastic,34565,1.5lt,41568.47
6146,2017-09-30,shop_2,gazoza,can,37863,330ml,15896.03
6147,2017-09-30,shop_2,lemon-boost,glass,36296,500ml,26920.3
6148,2017-09-30,shop_2,lemon-boost,plastic,25166,1.5lt,45814.42
6149,2017-09-30,shop_2,lemon-boost,can,26896,330ml,15196.09
6150,2017-09-30,shop_6,kinder-cola,glass,25164,500ml,34859.27
6151,2017-09-30,shop_6,kinder-cola,plastic,19589,1.5lt,60403.59
6152,2017-09-30,shop_6,kinder-cola,can,44023,330ml,28889.8
6153,2017-09-30,shop_6,adult-cola,glass,39722,500ml,48489.61
6154,2017-09-30,shop_6,adult-cola,plastic,28915,1.5lt,80639.51
6155,2017-09-30,shop_6,adult-cola,can,68442,330ml,34274.75
6156,2017-09-30,shop_6,orange-power,glass,58191,500ml,53751.54
6157,2017-09-30,shop_6,orange-power,plastic,45100,1.5lt,57705.79
6158,2017-09-30,shop_6,orange-power,can,36552,330ml,24241.45
6159,2017-09-30,shop_6,gazoza,glass,76651,500ml,50079.84
6160,2017-09-30,shop_6,gazoza,plastic,47873,1.5lt,57333.78
6161,2017-09-30,shop_6,gazoza,can,87738,330ml,29905.14
6162,2017-09-30,shop_6,lemon-boost,glass,37588,500ml,37064.66
6163,2017-09-30,shop_6,lemon-boost,plastic,33307,1.5lt,64736.14
6164,2017-09-30,shop_6,lemon-boost,can,54155,330ml,21938.94
6165,2017-09-30,shop_4,kinder-cola,glass,26620,500ml,26681.73
6166,2017-09-30,shop_4,kinder-cola,plastic,24654,1.5lt,37477.91
6167,2017-09-30,shop_4,kinder-cola,can,20712,330ml,16674.3
6168,2017-09-30,shop_4,adult-cola,glass,34046,500ml,39133.35
6169,2017-09-30,shop_4,adult-cola,plastic,23577,1.5lt,55393.67
6170,2017-09-30,shop_4,adult-cola,can,40524,330ml,26004.74
6171,2017-09-30,shop_4,orange-power,glass,33889,500ml,36119.45
6172,2017-09-30,shop_4,orange-power,plastic,27898,1.5lt,54327.35
6173,2017-09-30,shop_4,orange-power,can,42236,330ml,24222.81
6174,2017-09-30,shop_4,gazoza,glass,66638,500ml,38382.66
6175,2017-09-30,shop_4,gazoza,plastic,34794,1.5lt,42127.64
6176,2017-09-30,shop_4,gazoza,can,69082,330ml,20912.84
6177,2017-09-30,shop_4,lemon-boost,glass,17269,500ml,21760.36
6178,2017-09-30,shop_4,lemon-boost,plastic,18976,1.5lt,45714.68
6179,2017-09-30,shop_4,lemon-boost,can,36002,330ml,16546.46
6180,2017-09-30,shop_3,kinder-cola,glass,14093,500ml,16533.53
6181,2017-09-30,shop_3,kinder-cola,plastic,7596,1.5lt,24494.22
6182,2017-09-30,shop_3,kinder-cola,can,19822,330ml,12152.94
6183,2017-09-30,shop_3,adult-cola,glass,20205,500ml,21074.92
6184,2017-09-30,shop_3,adult-cola,plastic,10325,1.5lt,32664.63
6185,2017-09-30,shop_3,adult-cola,can,38859,330ml,17209.35
6186,2017-09-30,shop_3,orange-power,glass,18752,500ml,19729.45
6187,2017-09-30,shop_3,orange-power,plastic,17099,1.5lt,33721.67
6188,2017-09-30,shop_3,orange-power,can,48353,330ml,19745.46
6189,2017-09-30,shop_3,gazoza,glass,27549,500ml,19461.95
6190,2017-09-30,shop_3,gazoza,plastic,24668,1.5lt,26708.77
6191,2017-09-30,shop_3,gazoza,can,25574,330ml,10475.63
6192,2017-09-30,shop_3,lemon-boost,glass,23256,500ml,19864.81
6193,2017-09-30,shop_3,lemon-boost,plastic,17788,1.5lt,27721.01
6194,2017-09-30,shop_3,lemon-boost,can,22074,330ml,11237.75
6210,2017-10-31,shop_1,kinder-cola,glass,19863,500ml,14403.73
6211,2017-10-31,shop_1,kinder-cola,plastic,8857,1.5lt,29690.18
6212,2017-10-31,shop_1,kinder-cola,can,18855,330ml,11921.11
6213,2017-10-31,shop_1,adult-cola,glass,27577,500ml,26260.09
6214,2017-10-31,shop_1,adult-cola,plastic,17251,1.5lt,35636.23
6215,2017-10-31,shop_1,adult-cola,can,17381,330ml,15041.6
6216,2017-10-31,shop_1,orange-power,glass,21540,500ml,21842.98
6217,2017-10-31,shop_1,orange-power,plastic,20024,1.5lt,38479.99
6218,2017-10-31,shop_1,orange-power,can,27028,330ml,13899.92
6219,2017-10-31,shop_1,gazoza,glass,42442,500ml,28838.35
6220,2017-10-31,shop_1,gazoza,plastic,20915,1.5lt,27544.2
6221,2017-10-31,shop_1,gazoza,can,47591,330ml,16544.67
6222,2017-10-31,shop_1,lemon-boost,glass,15416,500ml,15070.23
6223,2017-10-31,shop_1,lemon-boost,plastic,16766,1.5lt,26529.55
6224,2017-10-31,shop_1,lemon-boost,can,14033,330ml,10160.07
6225,2017-10-31,shop_2,kinder-cola,glass,8507,500ml,15008.02
6226,2017-10-31,shop_2,kinder-cola,plastic,10402,1.5lt,37184.27
6227,2017-10-31,shop_2,kinder-cola,can,20957,330ml,17358.0
6228,2017-10-31,shop_2,adult-cola,glass,18827,500ml,24609.86
6229,2017-10-31,shop_2,adult-cola,plastic,24566,1.5lt,55210.71
6230,2017-10-31,shop_2,adult-cola,can,38149,330ml,20489.62
6231,2017-10-31,shop_2,orange-power,glass,22871,500ml,24116.03
6232,2017-10-31,shop_2,orange-power,plastic,26192,1.5lt,41664.88
6233,2017-10-31,shop_2,orange-power,can,29834,330ml,16980.38
6234,2017-10-31,shop_2,gazoza,glass,46598,500ml,27653.24
6235,2017-10-31,shop_2,gazoza,plastic,43283,1.5lt,36069.48
6236,2017-10-31,shop_2,gazoza,can,35149,330ml,13671.84
6237,2017-10-31,shop_2,lemon-boost,glass,30222,500ml,25979.35
6238,2017-10-31,shop_2,lemon-boost,plastic,14314,1.5lt,37892.41
6239,2017-10-31,shop_2,lemon-boost,can,29669,330ml,16186.35
6240,2017-10-31,shop_6,kinder-cola,glass,20361,500ml,27309.72
6241,2017-10-31,shop_6,kinder-cola,plastic,19202,1.5lt,47802.26
6242,2017-10-31,shop_6,kinder-cola,can,31055,330ml,23686.19
6243,2017-10-31,shop_6,adult-cola,glass,30549,500ml,33851.54
6244,2017-10-31,shop_6,adult-cola,plastic,36181,1.5lt,60002.7
6245,2017-10-31,shop_6,adult-cola,can,43225,330ml,25767.72
6246,2017-10-31,shop_6,orange-power,glass,26308,500ml,28331.49
6247,2017-10-31,shop_6,orange-power,plastic,30491,1.5lt,62506.28
6248,2017-10-31,shop_6,orange-power,can,47412,330ml,26733.08
6249,2017-10-31,shop_6,gazoza,glass,38177,500ml,29227.3
6250,2017-10-31,shop_6,gazoza,plastic,33694,1.5lt,42935.91
6251,2017-10-31,shop_6,gazoza,can,56743,330ml,21914.96
6252,2017-10-31,shop_6,lemon-boost,glass,19313,500ml,23132.37
6253,2017-10-31,shop_6,lemon-boost,plastic,18523,1.5lt,39572.44
6254,2017-10-31,shop_6,lemon-boost,can,31584,330ml,18300.27
6255,2017-10-31,shop_4,kinder-cola,glass,16663,500ml,22471.14
6256,2017-10-31,shop_4,kinder-cola,plastic,14979,1.5lt,29757.34
6257,2017-10-31,shop_4,kinder-cola,can,9753,330ml,10534.67
6258,2017-10-31,shop_4,adult-cola,glass,30067,500ml,32209.34
6259,2017-10-31,shop_4,adult-cola,plastic,18917,1.5lt,53601.57
6260,2017-10-31,shop_4,adult-cola,can,34209,330ml,23982.21
6261,2017-10-31,shop_4,orange-power,glass,47205,500ml,41587.79
6262,2017-10-31,shop_4,orange-power,plastic,29237,1.5lt,49575.22
6263,2017-10-31,shop_4,orange-power,can,51462,330ml,20967.24
6264,2017-10-31,shop_4,gazoza,glass,45631,500ml,30004.56
6265,2017-10-31,shop_4,gazoza,plastic,23988,1.5lt,31509.73
6266,2017-10-31,shop_4,gazoza,can,52714,330ml,18454.92
6267,2017-10-31,shop_4,lemon-boost,glass,21955,500ml,20052.49
6268,2017-10-31,shop_4,lemon-boost,plastic,22572,1.5lt,39475.04
6269,2017-10-31,shop_4,lemon-boost,can,31234,330ml,17384.99
6270,2017-10-31,shop_3,kinder-cola,glass,7860,500ml,12147.94
6271,2017-10-31,shop_3,kinder-cola,plastic,10197,1.5lt,23657.14
6272,2017-10-31,shop_3,kinder-cola,can,12176,330ml,9069.15
6273,2017-10-31,shop_3,adult-cola,glass,9137,500ml,14136.3
6274,2017-10-31,shop_3,adult-cola,plastic,12605,1.5lt,35924.0
6275,2017-10-31,shop_3,adult-cola,can,11677,330ml,10870.91
6276,2017-10-31,shop_3,orange-power,glass,24631,500ml,20817.69
6277,2017-10-31,shop_3,orange-power,plastic,17022,1.5lt,28239.41
6278,2017-10-31,shop_3,orange-power,can,21433,330ml,11134.79
6279,2017-10-31,shop_3,gazoza,glass,20883,500ml,15036.94
6280,2017-10-31,shop_3,gazoza,plastic,14238,1.5lt,20643.74
6281,2017-10-31,shop_3,gazoza,can,19030,330ml,8233.32
6282,2017-10-31,shop_3,lemon-boost,glass,19511,500ml,16520.29
6283,2017-10-31,shop_3,lemon-boost,plastic,11057,1.5lt,27728.42
6284,2017-10-31,shop_3,lemon-boost,can,13417,330ml,8932.45
6300,2017-11-30,shop_1,kinder-cola,glass,8890,500ml,14268.05
6301,2017-11-30,shop_1,kinder-cola,plastic,7278,1.5lt,26789.27
6302,2017-11-30,shop_1,kinder-cola,can,12489,330ml,10381.31
6303,2017-11-30,shop_1,adult-cola,glass,12491,500ml,18716.83
6304,2017-11-30,shop_1,adult-cola,plastic,23821,1.5lt,35568.83
6305,2017-11-30,shop_1,adult-cola,can,33431,330ml,12681.11
6306,2017-11-30,shop_1,orange-power,glass,23046,500ml,21281.0
6307,2017-11-30,shop_1,orange-power,plastic,14528,1.5lt,31562.67
6308,2017-11-30,shop_1,orange-power,can,37256,330ml,16470.58
6309,2017-11-30,shop_1,gazoza,glass,32668,500ml,23251.55
6310,2017-11-30,shop_1,gazoza,plastic,19973,1.5lt,26253.83
6311,2017-11-30,shop_1,gazoza,can,29953,330ml,11374.21
6312,2017-11-30,shop_1,lemon-boost,glass,24018,500ml,17518.55
6313,2017-11-30,shop_1,lemon-boost,plastic,12356,1.5lt,27574.29
6314,2017-11-30,shop_1,lemon-boost,can,13615,330ml,9826.03
6315,2017-11-30,shop_2,kinder-cola,glass,22734,500ml,22936.74
6316,2017-11-30,shop_2,kinder-cola,plastic,11628,1.5lt,34870.29
6317,2017-11-30,shop_2,kinder-cola,can,14986,330ml,12435.56
6318,2017-11-30,shop_2,adult-cola,glass,27397,500ml,28989.18
6319,2017-11-30,shop_2,adult-cola,plastic,18250,1.5lt,42645.83
6320,2017-11-30,shop_2,adult-cola,can,26541,330ml,18274.45
6321,2017-11-30,shop_2,orange-power,glass,24415,500ml,26527.48
6322,2017-11-30,shop_2,orange-power,plastic,15680,1.5lt,36809.02
6323,2017-11-30,shop_2,orange-power,can,36234,330ml,17266.43
6324,2017-11-30,shop_2,gazoza,glass,34920,500ml,26214.09
6325,2017-11-30,shop_2,gazoza,plastic,17402,1.5lt,24399.04
6326,2017-11-30,shop_2,gazoza,can,43833,330ml,16133.67
6327,2017-11-30,shop_2,lemon-boost,glass,20594,500ml,19641.19
6328,2017-11-30,shop_2,lemon-boost,plastic,16198,1.5lt,34237.66
6329,2017-11-30,shop_2,lemon-boost,can,22075,330ml,14022.38
6330,2017-11-30,shop_6,kinder-cola,glass,16783,500ml,22860.77
6331,2017-11-30,shop_6,kinder-cola,plastic,13315,1.5lt,40173.1
6332,2017-11-30,shop_6,kinder-cola,can,25286,330ml,18034.38
6333,2017-11-30,shop_6,adult-cola,glass,33731,500ml,35415.72
6334,2017-11-30,shop_6,adult-cola,plastic,30925,1.5lt,64379.03
6335,2017-11-30,shop_6,adult-cola,can,25715,330ml,20983.2
6336,2017-11-30,shop_6,orange-power,glass,39964,500ml,33522.28
6337,2017-11-30,shop_6,orange-power,plastic,28253,1.5lt,56713.28
6338,2017-11-30,shop_6,orange-power,can,44054,330ml,24635.72
6339,2017-11-30,shop_6,gazoza,glass,40164,500ml,29745.32
6340,2017-11-30,shop_6,gazoza,plastic,29536,1.5lt,40250.15
6341,2017-11-30,shop_6,gazoza,can,62431,330ml,22760.14
6342,2017-11-30,shop_6,lemon-boost,glass,20779,500ml,24365.37
6343,2017-11-30,shop_6,lemon-boost,plastic,23745,1.5lt,44542.33
6344,2017-11-30,shop_6,lemon-boost,can,30549,330ml,17425.35
6345,2017-11-30,shop_4,kinder-cola,glass,23907,500ml,15967.3
6346,2017-11-30,shop_4,kinder-cola,plastic,15275,1.5lt,33303.47
6347,2017-11-30,shop_4,kinder-cola,can,21339,330ml,15556.67
6348,2017-11-30,shop_4,adult-cola,glass,24323,500ml,30173.23
6349,2017-11-30,shop_4,adult-cola,plastic,12212,1.5lt,37287.86
6350,2017-11-30,shop_4,adult-cola,can,35577,330ml,19085.93
6351,2017-11-30,shop_4,orange-power,glass,35606,500ml,29933.37
6352,2017-11-30,shop_4,orange-power,plastic,11909,1.5lt,30030.87
6353,2017-11-30,shop_4,orange-power,can,30372,330ml,17509.8
6354,2017-11-30,shop_4,gazoza,glass,35457,500ml,25913.79
6355,2017-11-30,shop_4,gazoza,plastic,21187,1.5lt,28984.94
6356,2017-11-30,shop_4,gazoza,can,26113,330ml,11775.71
6357,2017-11-30,shop_4,lemon-boost,glass,33570,500ml,25333.62
6358,2017-11-30,shop_4,lemon-boost,plastic,13140,1.5lt,31517.67
6359,2017-11-30,shop_4,lemon-boost,can,18741,330ml,12778.25
6360,2017-11-30,shop_3,kinder-cola,glass,7961,500ml,11711.36
6361,2017-11-30,shop_3,kinder-cola,plastic,9576,1.5lt,20170.19
6362,2017-11-30,shop_3,kinder-cola,can,18716,330ml,6549.63
6363,2017-11-30,shop_3,adult-cola,glass,23071,500ml,18702.33
6364,2017-11-30,shop_3,adult-cola,plastic,11641,1.5lt,32825.8
6365,2017-11-30,shop_3,adult-cola,can,24165,330ml,14515.69
6366,2017-11-30,shop_3,orange-power,glass,10276,500ml,11918.44
6367,2017-11-30,shop_3,orange-power,plastic,12256,1.5lt,26156.42
6368,2017-11-30,shop_3,orange-power,can,16547,330ml,10331.83
6369,2017-11-30,shop_3,gazoza,glass,31487,500ml,20537.55
6370,2017-11-30,shop_3,gazoza,plastic,15525,1.5lt,21700.33
6371,2017-11-30,shop_3,gazoza,can,35050,330ml,11678.41
6372,2017-11-30,shop_3,lemon-boost,glass,11251,500ml,11635.73
6373,2017-11-30,shop_3,lemon-boost,plastic,7844,1.5lt,17452.93
6374,2017-11-30,shop_3,lemon-boost,can,15539,330ml,9743.03
6390,2017-12-31,shop_1,kinder-cola,glass,14506,500ml,20065.55
6391,2017-12-31,shop_1,kinder-cola,plastic,7092,1.5lt,30068.58
6392,2017-12-31,shop_1,kinder-cola,can,24049,330ml,13557.22
6393,2017-12-31,shop_1,adult-cola,glass,22083,500ml,25330.09
6394,2017-12-31,shop_1,adult-cola,plastic,12397,1.5lt,39675.81
6395,2017-12-31,shop_1,adult-cola,can,29411,330ml,18280.97
6396,2017-12-31,shop_1,orange-power,glass,24144,500ml,23948.09
6397,2017-12-31,shop_1,orange-power,plastic,21273,1.5lt,36866.15
6398,2017-12-31,shop_1,orange-power,can,47998,330ml,16605.85
6399,2017-12-31,shop_1,gazoza,glass,30410,500ml,20223.36
6400,2017-12-31,shop_1,gazoza,plastic,22911,1.5lt,30039.89
6401,2017-12-31,shop_1,gazoza,can,19384,330ml,8980.26
6402,2017-12-31,shop_1,lemon-boost,glass,22712,500ml,16157.21
6403,2017-12-31,shop_1,lemon-boost,plastic,11379,1.5lt,27925.96
6404,2017-12-31,shop_1,lemon-boost,can,31800,330ml,13470.36
6405,2017-12-31,shop_2,kinder-cola,glass,14022,500ml,21684.02
6406,2017-12-31,shop_2,kinder-cola,plastic,18587,1.5lt,36793.91
6407,2017-12-31,shop_2,kinder-cola,can,24733,330ml,18326.22
6408,2017-12-31,shop_2,adult-cola,glass,24076,500ml,30156.26
6409,2017-12-31,shop_2,adult-cola,plastic,24881,1.5lt,55345.69
6410,2017-12-31,shop_2,adult-cola,can,28717,330ml,23147.81
6411,2017-12-31,shop_2,orange-power,glass,21755,500ml,23836.71
6412,2017-12-31,shop_2,orange-power,plastic,24921,1.5lt,50485.49
6413,2017-12-31,shop_2,orange-power,can,42633,330ml,21814.68
6414,2017-12-31,shop_2,gazoza,glass,35852,500ml,26764.83
6415,2017-12-31,shop_2,gazoza,plastic,40514,1.5lt,37734.46
6416,2017-12-31,shop_2,gazoza,can,47261,330ml,18574.16
6417,2017-12-31,shop_2,lemon-boost,glass,17125,500ml,19656.34
6418,2017-12-31,shop_2,lemon-boost,plastic,12563,1.5lt,33859.69
6419,2017-12-31,shop_2,lemon-boost,can,28151,330ml,18307.84
6420,2017-12-31,shop_6,kinder-cola,glass,27710,500ml,34281.54
6421,2017-12-31,shop_6,kinder-cola,plastic,23684,1.5lt,47750.53
6422,2017-12-31,shop_6,kinder-cola,can,16258,330ml,16964.28
6423,2017-12-31,shop_6,adult-cola,glass,47708,500ml,48663.21
6424,2017-12-31,shop_6,adult-cola,plastic,28849,1.5lt,73194.91
6425,2017-12-31,shop_6,adult-cola,can,57806,330ml,28676.33
6426,2017-12-31,shop_6,orange-power,glass,43915,500ml,39624.87
6427,2017-12-31,shop_6,orange-power,plastic,48853,1.5lt,63182.76
6428,2017-12-31,shop_6,orange-power,can,40490,330ml,24890.57
6429,2017-12-31,shop_6,gazoza,glass,37562,500ml,28548.74
6430,2017-12-31,shop_6,gazoza,plastic,28441,1.5lt,41952.12
6431,2017-12-31,shop_6,gazoza,can,74358,330ml,25038.32
6432,2017-12-31,shop_6,lemon-boost,glass,34649,500ml,30363.2
6433,2017-12-31,shop_6,lemon-boost,plastic,16442,1.5lt,44681.88
6434,2017-12-31,shop_6,lemon-boost,can,44176,330ml,24850.53
6435,2017-12-31,shop_4,kinder-cola,glass,16441,500ml,23248.5
6436,2017-12-31,shop_4,kinder-cola,plastic,20720,1.5lt,36018.1
6437,2017-12-31,shop_4,kinder-cola,can,22095,330ml,19173.3
6438,2017-12-31,shop_4,adult-cola,glass,30413,500ml,35347.57
6439,2017-12-31,shop_4,adult-cola,plastic,19006,1.5lt,45117.94
6440,2017-12-31,shop_4,adult-cola,can,32889,330ml,24463.58
6441,2017-12-31,shop_4,orange-power,glass,64951,500ml,32562.15
6442,2017-12-31,shop_4,orange-power,plastic,28852,1.5lt,49141.75
6443,2017-12-31,shop_4,orange-power,can,60310,330ml,26533.99
6444,2017-12-31,shop_4,gazoza,glass,49203,500ml,33001.56
6445,2017-12-31,shop_4,gazoza,plastic,27115,1.5lt,36313.58
6446,2017-12-31,shop_4,gazoza,can,57093,330ml,21320.8
6447,2017-12-31,shop_4,lemon-boost,glass,26664,500ml,26418.4
6448,2017-12-31,shop_4,lemon-boost,plastic,18313,1.5lt,47343.05
6449,2017-12-31,shop_4,lemon-boost,can,29720,330ml,19185.84
6450,2017-12-31,shop_3,kinder-cola,glass,5599,500ml,9566.9
6451,2017-12-31,shop_3,kinder-cola,plastic,5259,1.5lt,21173.74
6452,2017-12-31,shop_3,kinder-cola,can,8832,330ml,8598.17
6453,2017-12-31,shop_3,adult-cola,glass,20517,500ml,14870.34
6454,2017-12-31,shop_3,adult-cola,plastic,8773,1.5lt,28452.13
6455,2017-12-31,shop_3,adult-cola,can,20795,330ml,14421.56
6456,2017-12-31,shop_3,orange-power,glass,31877,500ml,24384.59
6457,2017-12-31,shop_3,orange-power,plastic,33201,1.5lt,33873.29
6458,2017-12-31,shop_3,orange-power,can,23724,330ml,13469.07
6459,2017-12-31,shop_3,gazoza,glass,26841,500ml,17230.9
6460,2017-12-31,shop_3,gazoza,plastic,22212,1.5lt,22099.72
6461,2017-12-31,shop_3,gazoza,can,53236,330ml,12145.01
6462,2017-12-31,shop_3,lemon-boost,glass,23271,500ml,17189.23
6463,2017-12-31,shop_3,lemon-boost,plastic,13016,1.5lt,25303.42
6464,2017-12-31,shop_3,lemon-boost,can,16664,330ml,9443.89
6480,2018-01-31,shop_1,kinder-cola,glass,8253,500ml,13030.15
6481,2018-01-31,shop_1,kinder-cola,plastic,7056,1.5lt,21868.98
6482,2018-01-31,shop_1,kinder-cola,can,12490,330ml,10651.47
6483,2018-01-31,shop_1,adult-cola,glass,26640,500ml,22175.14
6484,2018-01-31,shop_1,adult-cola,plastic,14997,1.5lt,35534.83
6485,2018-01-31,shop_1,adult-cola,can,19080,330ml,12445.97
6486,2018-01-31,shop_1,orange-power,glass,41892,500ml,22615.1
6487,2018-01-31,shop_1,orange-power,plastic,22923,1.5lt,18928.06
6488,2018-01-31,shop_1,orange-power,can,32637,330ml,16501.8
6489,2018-01-31,shop_1,gazoza,glass,24297,500ml,18740.16
6490,2018-01-31,shop_1,gazoza,plastic,21295,1.5lt,25906.57
6491,2018-01-31,shop_1,gazoza,can,38107,330ml,10844.67
6492,2018-01-31,shop_1,lemon-boost,glass,15363,500ml,14623.07
6493,2018-01-31,shop_1,lemon-boost,plastic,8752,1.5lt,23308.0
6494,2018-01-31,shop_1,lemon-boost,can,24819,330ml,11834.4
6495,2018-01-31,shop_2,kinder-cola,glass,15290,500ml,18926.26
6496,2018-01-31,shop_2,kinder-cola,plastic,10458,1.5lt,33328.07
6497,2018-01-31,shop_2,kinder-cola,can,19700,330ml,13676.93
6498,2018-01-31,shop_2,adult-cola,glass,33242,500ml,20275.54
6499,2018-01-31,shop_2,adult-cola,plastic,13263,1.5lt,43028.12
6500,2018-01-31,shop_2,adult-cola,can,23138,330ml,15655.14
6501,2018-01-31,shop_2,orange-power,glass,20953,500ml,21375.4
6502,2018-01-31,shop_2,orange-power,plastic,12894,1.5lt,31760.32
6503,2018-01-31,shop_2,orange-power,can,34390,330ml,17010.56
6504,2018-01-31,shop_2,gazoza,glass,54774,500ml,29836.87
6505,2018-01-31,shop_2,gazoza,plastic,26491,1.5lt,33753.6
6506,2018-01-31,shop_2,gazoza,can,42408,330ml,14174.91
6507,2018-01-31,shop_2,lemon-boost,glass,22598,500ml,19313.04
6508,2018-01-31,shop_2,lemon-boost,plastic,12259,1.5lt,27594.79
6509,2018-01-31,shop_2,lemon-boost,can,17447,330ml,12136.33
6510,2018-01-31,shop_6,kinder-cola,glass,14706,500ml,21158.15
6511,2018-01-31,shop_6,kinder-cola,plastic,16860,1.5lt,41063.26
6512,2018-01-31,shop_6,kinder-cola,can,27418,330ml,17148.09
6513,2018-01-31,shop_6,adult-cola,glass,20630,500ml,26770.81
6514,2018-01-31,shop_6,adult-cola,plastic,21686,1.5lt,47900.0
6515,2018-01-31,shop_6,adult-cola,can,22806,330ml,18514.96
6516,2018-01-31,shop_6,orange-power,glass,29078,500ml,25944.98
6517,2018-01-31,shop_6,orange-power,plastic,28751,1.5lt,56690.07
6518,2018-01-31,shop_6,orange-power,can,61111,330ml,25575.63
6519,2018-01-31,shop_6,gazoza,glass,54806,500ml,35777.8
6520,2018-01-31,shop_6,gazoza,plastic,25790,1.5lt,36962.57
6521,2018-01-31,shop_6,gazoza,can,55336,330ml,18649.46
6522,2018-01-31,shop_6,lemon-boost,glass,29997,500ml,26614.41
6523,2018-01-31,shop_6,lemon-boost,plastic,16738,1.5lt,37652.15
6524,2018-01-31,shop_6,lemon-boost,can,30759,330ml,17056.85
6525,2018-01-31,shop_4,kinder-cola,glass,22759,500ml,17885.16
6526,2018-01-31,shop_4,kinder-cola,plastic,10485,1.5lt,35602.54
6527,2018-01-31,shop_4,kinder-cola,can,17136,330ml,14622.11
6528,2018-01-31,shop_4,adult-cola,glass,31341,500ml,23014.47
6529,2018-01-31,shop_4,adult-cola,plastic,20409,1.5lt,46621.99
6530,2018-01-31,shop_4,adult-cola,can,23352,330ml,16735.75
6531,2018-01-31,shop_4,orange-power,glass,35170,500ml,31581.91
6532,2018-01-31,shop_4,orange-power,plastic,20658,1.5lt,36858.13
6533,2018-01-31,shop_4,orange-power,can,36458,330ml,18453.67
6534,2018-01-31,shop_4,gazoza,glass,37043,500ml,24383.82
6535,2018-01-31,shop_4,gazoza,plastic,24057,1.5lt,33688.7
6536,2018-01-31,shop_4,gazoza,can,30308,330ml,12799.25
6537,2018-01-31,shop_4,lemon-boost,glass,18709,500ml,22178.49
6538,2018-01-31,shop_4,lemon-boost,plastic,20273,1.5lt,23957.01
6539,2018-01-31,shop_4,lemon-boost,can,26048,330ml,14282.87
6540,2018-01-31,shop_3,kinder-cola,glass,11367,500ml,11835.17
6541,2018-01-31,shop_3,kinder-cola,plastic,6437,1.5lt,21085.75
6542,2018-01-31,shop_3,kinder-cola,can,11117,330ml,6800.21
6543,2018-01-31,shop_3,adult-cola,glass,10416,500ml,14607.27
6544,2018-01-31,shop_3,adult-cola,plastic,10370,1.5lt,27239.49
6545,2018-01-31,shop_3,adult-cola,can,15650,330ml,10567.3
6546,2018-01-31,shop_3,orange-power,glass,13734,500ml,14445.13
6547,2018-01-31,shop_3,orange-power,plastic,15800,1.5lt,21320.29
6548,2018-01-31,shop_3,orange-power,can,22132,330ml,11082.13
6549,2018-01-31,shop_3,gazoza,glass,16748,500ml,12543.34
6550,2018-01-31,shop_3,gazoza,plastic,26427,1.5lt,16351.08
6551,2018-01-31,shop_3,gazoza,can,15035,330ml,6404.08
6552,2018-01-31,shop_3,lemon-boost,glass,15760,500ml,14355.07
6553,2018-01-31,shop_3,lemon-boost,plastic,7869,1.5lt,19496.88
6554,2018-01-31,shop_3,lemon-boost,can,14234,330ml,8629.33
6570,2018-02-28,shop_1,kinder-cola,glass,11648,500ml,11489.68
6571,2018-02-28,shop_1,kinder-cola,plastic,5357,1.5lt,21520.02
6572,2018-02-28,shop_1,kinder-cola,can,16657,330ml,6899.55
6573,2018-02-28,shop_1,adult-cola,glass,5047,500ml,8591.69
6574,2018-02-28,shop_1,adult-cola,plastic,10837,1.5lt,27920.83
6575,2018-02-28,shop_1,adult-cola,can,21462,330ml,14349.03
6576,2018-02-28,shop_1,orange-power,glass,13285,500ml,14386.81
6577,2018-02-28,shop_1,orange-power,plastic,16476,1.5lt,26411.86
6578,2018-02-28,shop_1,orange-power,can,19252,330ml,11299.44
6579,2018-02-28,shop_1,gazoza,glass,21542,500ml,14091.06
6580,2018-02-28,shop_1,gazoza,plastic,13607,1.5lt,14681.35
6581,2018-02-28,shop_1,gazoza,can,12461,330ml,6080.28
6582,2018-02-28,shop_1,lemon-boost,glass,13116,500ml,13368.03
6583,2018-02-28,shop_1,lemon-boost,plastic,13666,1.5lt,14084.46
6584,2018-02-28,shop_1,lemon-boost,can,13890,330ml,9782.38
6585,2018-02-28,shop_2,kinder-cola,glass,16544,500ml,14155.33
6586,2018-02-28,shop_2,kinder-cola,plastic,9104,1.5lt,25650.37
6587,2018-02-28,shop_2,kinder-cola,can,8434,330ml,7815.95
6588,2018-02-28,shop_2,adult-cola,glass,16169,500ml,17717.88
6589,2018-02-28,shop_2,adult-cola,plastic,8277,1.5lt,24375.32
6590,2018-02-28,shop_2,adult-cola,can,27470,330ml,13804.18
6591,2018-02-28,shop_2,orange-power,glass,7963,500ml,9401.89
6592,2018-02-28,shop_2,orange-power,plastic,12472,1.5lt,28758.38
6593,2018-02-28,shop_2,orange-power,can,19952,330ml,13063.99
6594,2018-02-28,shop_2,gazoza,glass,32007,500ml,19516.19
6595,2018-02-28,shop_2,gazoza,plastic,21198,1.5lt,26890.43
6596,2018-02-28,shop_2,gazoza,can,21586,330ml,9382.72
6597,2018-02-28,shop_2,lemon-boost,glass,25416,500ml,12390.74
6598,2018-02-28,shop_2,lemon-boost,plastic,9369,1.5lt,20620.52
6599,2018-02-28,shop_2,lemon-boost,can,33124,330ml,8975.65
6600,2018-02-28,shop_6,kinder-cola,glass,31794,500ml,12555.93
6601,2018-02-28,shop_6,kinder-cola,plastic,9202,1.5lt,33497.84
6602,2018-02-28,shop_6,kinder-cola,can,15078,330ml,11676.81
6603,2018-02-28,shop_6,adult-cola,glass,29673,500ml,24686.07
6604,2018-02-28,shop_6,adult-cola,plastic,25858,1.5lt,22390.9
6605,2018-02-28,shop_6,adult-cola,can,17038,330ml,15890.87
6606,2018-02-28,shop_6,orange-power,glass,28454,500ml,28341.57
6607,2018-02-28,shop_6,orange-power,plastic,17758,1.5lt,41369.67
6608,2018-02-28,shop_6,orange-power,can,32190,330ml,17747.38
6609,2018-02-28,shop_6,gazoza,glass,57216,500ml,34232.74
6610,2018-02-28,shop_6,gazoza,plastic,21053,1.5lt,28282.82
6611,2018-02-28,shop_6,gazoza,can,30393,330ml,13620.13
6612,2018-02-28,shop_6,lemon-boost,glass,19757,500ml,21668.85
6613,2018-02-28,shop_6,lemon-boost,plastic,16378,1.5lt,32362.5
6614,2018-02-28,shop_6,lemon-boost,can,25121,330ml,13515.09
6615,2018-02-28,shop_4,kinder-cola,glass,13110,500ml,15228.14
6616,2018-02-28,shop_4,kinder-cola,plastic,4198,1.5lt,19854.57
6617,2018-02-28,shop_4,kinder-cola,can,9067,330ml,9043.86
6618,2018-02-28,shop_4,adult-cola,glass,12190,500ml,16317.18
6619,2018-02-28,shop_4,adult-cola,plastic,12602,1.5lt,37432.07
6620,2018-02-28,shop_4,adult-cola,can,29933,330ml,15565.02
6621,2018-02-28,shop_4,orange-power,glass,24629,500ml,23085.22
6622,2018-02-28,shop_4,orange-power,plastic,21360,1.5lt,37594.77
6623,2018-02-28,shop_4,orange-power,can,15337,330ml,10408.87
6624,2018-02-28,shop_4,gazoza,glass,35074,500ml,20665.08
6625,2018-02-28,shop_4,gazoza,plastic,19643,1.5lt,25004.97
6626,2018-02-28,shop_4,gazoza,can,54780,330ml,13159.6
6627,2018-02-28,shop_4,lemon-boost,glass,20097,500ml,19946.17
6628,2018-02-28,shop_4,lemon-boost,plastic,11704,1.5lt,25173.24
6629,2018-02-28,shop_4,lemon-boost,can,20910,330ml,12278.78
6630,2018-02-28,shop_3,kinder-cola,glass,6604,500ml,9852.27
6631,2018-02-28,shop_3,kinder-cola,plastic,3523,1.5lt,13559.08
6632,2018-02-28,shop_3,kinder-cola,can,7644,330ml,6746.71
6633,2018-02-28,shop_3,adult-cola,glass,6679,500ml,9815.85
6634,2018-02-28,shop_3,adult-cola,plastic,16897,1.5lt,21708.65
6635,2018-02-28,shop_3,adult-cola,can,14459,330ml,10123.21
6636,2018-02-28,shop_3,orange-power,glass,8772,500ml,10202.56
6637,2018-02-28,shop_3,orange-power,plastic,9709,1.5lt,20266.77
6638,2018-02-28,shop_3,orange-power,can,5617,330ml,4301.74
6639,2018-02-28,shop_3,gazoza,glass,16340,500ml,11525.35
6640,2018-02-28,shop_3,gazoza,plastic,8994,1.5lt,13679.45
6641,2018-02-28,shop_3,gazoza,can,34367,330ml,8036.78
6642,2018-02-28,shop_3,lemon-boost,glass,9088,500ml,8925.25
6643,2018-02-28,shop_3,lemon-boost,plastic,5599,1.5lt,15277.89
6644,2018-02-28,shop_3,lemon-boost,can,12178,330ml,6940.44
6660,2018-03-31,shop_1,kinder-cola,glass,13367,500ml,19160.93
6661,2018-03-31,shop_1,kinder-cola,plastic,12403,1.5lt,35571.73
6662,2018-03-31,shop_1,kinder-cola,can,15286,330ml,11180.65
6663,2018-03-31,shop_1,adult-cola,glass,24670,500ml,26680.36
6664,2018-03-31,shop_1,adult-cola,plastic,19807,1.5lt,45134.94
6665,2018-03-31,shop_1,adult-cola,can,31409,330ml,15495.63
6666,2018-03-31,shop_1,orange-power,glass,20211,500ml,22285.92
6667,2018-03-31,shop_1,orange-power,plastic,23681,1.5lt,46086.11
6668,2018-03-31,shop_1,orange-power,can,42647,330ml,19768.59
6669,2018-03-31,shop_1,gazoza,glass,37182,500ml,25152.72
6670,2018-03-31,shop_1,gazoza,plastic,29307,1.5lt,32894.27
6671,2018-03-31,shop_1,gazoza,can,33720,330ml,13777.93
6672,2018-03-31,shop_1,lemon-boost,glass,9894,500ml,13101.47
6673,2018-03-31,shop_1,lemon-boost,plastic,13336,1.5lt,30504.57
6674,2018-03-31,shop_1,lemon-boost,can,25809,330ml,13084.42
6675,2018-03-31,shop_2,kinder-cola,glass,19525,500ml,18678.49
6676,2018-03-31,shop_2,kinder-cola,plastic,13624,1.5lt,33763.88
6677,2018-03-31,shop_2,kinder-cola,can,14040,330ml,13595.89
6678,2018-03-31,shop_2,adult-cola,glass,21383,500ml,26422.89
6679,2018-03-31,shop_2,adult-cola,plastic,23878,1.5lt,44220.12
6680,2018-03-31,shop_2,adult-cola,can,25113,330ml,17417.62
6681,2018-03-31,shop_2,orange-power,glass,49476,500ml,34880.35
6682,2018-03-31,shop_2,orange-power,plastic,26724,1.5lt,46942.53
6683,2018-03-31,shop_2,orange-power,can,68041,330ml,21302.47
6684,2018-03-31,shop_2,gazoza,glass,36411,500ml,27069.23
6685,2018-03-31,shop_2,gazoza,plastic,29829,1.5lt,33415.2
6686,2018-03-31,shop_2,gazoza,can,33428,330ml,14770.9
6687,2018-03-31,shop_2,lemon-boost,glass,20038,500ml,21272.41
6688,2018-03-31,shop_2,lemon-boost,plastic,20550,1.5lt,33049.26
6689,2018-03-31,shop_2,lemon-boost,can,34715,330ml,15546.68
6690,2018-03-31,shop_6,kinder-cola,glass,23895,500ml,28890.27
6691,2018-03-31,shop_6,kinder-cola,plastic,17948,1.5lt,43081.27
6692,2018-03-31,shop_6,kinder-cola,can,31625,330ml,17737.26
6693,2018-03-31,shop_6,adult-cola,glass,51500,500ml,48313.45
6694,2018-03-31,shop_6,adult-cola,plastic,27186,1.5lt,60711.25
6695,2018-03-31,shop_6,adult-cola,can,46717,330ml,29404.52
6696,2018-03-31,shop_6,orange-power,glass,44979,500ml,37022.15
6697,2018-03-31,shop_6,orange-power,plastic,36106,1.5lt,64900.0
6698,2018-03-31,shop_6,orange-power,can,64864,330ml,28923.36
6699,2018-03-31,shop_6,gazoza,glass,67303,500ml,39732.56
6700,2018-03-31,shop_6,gazoza,plastic,40016,1.5lt,44872.94
6701,2018-03-31,shop_6,gazoza,can,73217,330ml,24525.76
6702,2018-03-31,shop_6,lemon-boost,glass,31485,500ml,30438.17
6703,2018-03-31,shop_6,lemon-boost,plastic,21518,1.5lt,48213.04
6704,2018-03-31,shop_6,lemon-boost,can,33881,330ml,19963.2
6705,2018-03-31,shop_4,kinder-cola,glass,23909,500ml,22835.69
6706,2018-03-31,shop_4,kinder-cola,plastic,15149,1.5lt,35299.23
6707,2018-03-31,shop_4,kinder-cola,can,13216,330ml,13255.82
6708,2018-03-31,shop_4,adult-cola,glass,35945,500ml,36017.35
6709,2018-03-31,shop_4,adult-cola,plastic,26830,1.5lt,63934.89
6710,2018-03-31,shop_4,adult-cola,can,34260,330ml,20488.13
6711,2018-03-31,shop_4,orange-power,glass,69034,500ml,41741.61
6712,2018-03-31,shop_4,orange-power,plastic,21669,1.5lt,45365.2
6713,2018-03-31,shop_4,orange-power,can,40531,330ml,21539.85
6714,2018-03-31,shop_4,gazoza,glass,36412,500ml,27981.75
6715,2018-03-31,shop_4,gazoza,plastic,32436,1.5lt,39137.23
6716,2018-03-31,shop_4,gazoza,can,49788,330ml,18833.13
6717,2018-03-31,shop_4,lemon-boost,glass,22249,500ml,25593.67
6718,2018-03-31,shop_4,lemon-boost,plastic,12633,1.5lt,35322.66
6719,2018-03-31,shop_4,lemon-boost,can,18659,330ml,12685.99
6720,2018-03-31,shop_3,kinder-cola,glass,12195,500ml,15033.21
6721,2018-03-31,shop_3,kinder-cola,plastic,4435,1.5lt,19571.52
6722,2018-03-31,shop_3,kinder-cola,can,17501,330ml,8841.73
6723,2018-03-31,shop_3,adult-cola,glass,19633,500ml,20104.57
6724,2018-03-31,shop_3,adult-cola,plastic,13433,1.5lt,30546.92
6725,2018-03-31,shop_3,adult-cola,can,24671,330ml,13186.56
6726,2018-03-31,shop_3,orange-power,glass,27838,500ml,21849.69
6727,2018-03-31,shop_3,orange-power,plastic,15078,1.5lt,31688.84
6728,2018-03-31,shop_3,orange-power,can,14078,330ml,9489.16
6729,2018-03-31,shop_3,gazoza,glass,36987,500ml,21113.5
6730,2018-03-31,shop_3,gazoza,plastic,15650,1.5lt,21539.64
6731,2018-03-31,shop_3,gazoza,can,22443,330ml,9820.71
6732,2018-03-31,shop_3,lemon-boost,glass,21359,500ml,16348.07
6733,2018-03-31,shop_3,lemon-boost,plastic,9728,1.5lt,23348.01
6734,2018-03-31,shop_3,lemon-boost,can,15880,330ml,9984.76
6750,2018-04-30,shop_1,kinder-cola,glass,14422,500ml,19223.13
6751,2018-04-30,shop_1,kinder-cola,plastic,15720,1.5lt,36836.12
6752,2018-04-30,shop_1,kinder-cola,can,17476,330ml,13530.15
6753,2018-04-30,shop_1,adult-cola,glass,29932,500ml,30305.9
6754,2018-04-30,shop_1,adult-cola,plastic,15438,1.5lt,46375.3
6755,2018-04-30,shop_1,adult-cola,can,35417,330ml,19547.27
6756,2018-04-30,shop_1,orange-power,glass,54636,500ml,35724.22
6757,2018-04-30,shop_1,orange-power,plastic,24815,1.5lt,43393.06
6758,2018-04-30,shop_1,orange-power,can,29098,330ml,18576.91
6759,2018-04-30,shop_1,gazoza,glass,31574,500ml,23673.96
6760,2018-04-30,shop_1,gazoza,plastic,23796,1.5lt,33201.59
6761,2018-04-30,shop_1,gazoza,can,26804,330ml,12016.91
6762,2018-04-30,shop_1,lemon-boost,glass,13130,500ml,16482.37
6763,2018-04-30,shop_1,lemon-boost,plastic,10448,1.5lt,26967.73
6764,2018-04-30,shop_1,lemon-boost,can,14524,330ml,11788.06
6765,2018-04-30,shop_2,kinder-cola,glass,18783,500ml,24198.95
6766,2018-04-30,shop_2,kinder-cola,plastic,15989,1.5lt,45862.22
6767,2018-04-30,shop_2,kinder-cola,can,22311,330ml,17048.19
6768,2018-04-30,shop_2,adult-cola,glass,23462,500ml,32158.22
6769,2018-04-30,shop_2,adult-cola,plastic,25076,1.5lt,48740.4
6770,2018-04-30,shop_2,adult-cola,can,48774,330ml,26673.96
6771,2018-04-30,shop_2,orange-power,glass,34729,500ml,34384.28
6772,2018-04-30,shop_2,orange-power,plastic,27703,1.5lt,48295.88
6773,2018-04-30,shop_2,orange-power,can,35869,330ml,22121.86
6774,2018-04-30,shop_2,gazoza,glass,34068,500ml,25573.09
6775,2018-04-30,shop_2,gazoza,plastic,35111,1.5lt,39714.46
6776,2018-04-30,shop_2,gazoza,can,81658,330ml,23067.35
6777,2018-04-30,shop_2,lemon-boost,glass,30732,500ml,29364.54
6778,2018-04-30,shop_2,lemon-boost,plastic,16684,1.5lt,43187.54
6779,2018-04-30,shop_2,lemon-boost,can,34972,330ml,15189.79
6780,2018-04-30,shop_6,kinder-cola,glass,25143,500ml,33830.92
6781,2018-04-30,shop_6,kinder-cola,plastic,17722,1.5lt,61697.9
6782,2018-04-30,shop_6,kinder-cola,can,35425,330ml,23308.37
6783,2018-04-30,shop_6,adult-cola,glass,45200,500ml,46462.63
6784,2018-04-30,shop_6,adult-cola,plastic,29993,1.5lt,80066.26
6785,2018-04-30,shop_6,adult-cola,can,47046,330ml,35761.52
6786,2018-04-30,shop_6,orange-power,glass,37549,500ml,40075.99
6787,2018-04-30,shop_6,orange-power,plastic,29007,1.5lt,67840.41
6788,2018-04-30,shop_6,orange-power,can,45902,330ml,28331.3
6789,2018-04-30,shop_6,gazoza,glass,57559,500ml,43107.03
6790,2018-04-30,shop_6,gazoza,plastic,46325,1.5lt,57244.37
6791,2018-04-30,shop_6,gazoza,can,74767,330ml,25536.65
6792,2018-04-30,shop_6,lemon-boost,glass,29594,500ml,33002.96
6793,2018-04-30,shop_6,lemon-boost,plastic,27004,1.5lt,60130.25
6794,2018-04-30,shop_6,lemon-boost,can,50181,330ml,22974.52
6795,2018-04-30,shop_4,kinder-cola,glass,12683,500ml,20482.15
6796,2018-04-30,shop_4,kinder-cola,plastic,18907,1.5lt,49318.9
6797,2018-04-30,shop_4,kinder-cola,can,26625,330ml,17646.42
6798,2018-04-30,shop_4,adult-cola,glass,31047,500ml,41709.06
6799,2018-04-30,shop_4,adult-cola,plastic,22307,1.5lt,65494.1
6800,2018-04-30,shop_4,adult-cola,can,39904,330ml,28170.03
6801,2018-04-30,shop_4,orange-power,glass,34152,500ml,35673.5
6802,2018-04-30,shop_4,orange-power,plastic,27801,1.5lt,55822.58
6803,2018-04-30,shop_4,orange-power,can,50367,330ml,25232.57
6804,2018-04-30,shop_4,gazoza,glass,27061,500ml,23442.59
6805,2018-04-30,shop_4,gazoza,plastic,32188,1.5lt,38195.05
6806,2018-04-30,shop_4,gazoza,can,69350,330ml,22770.04
6807,2018-04-30,shop_4,lemon-boost,glass,25289,500ml,26291.41
6808,2018-04-30,shop_4,lemon-boost,plastic,20847,1.5lt,45611.19
6809,2018-04-30,shop_4,lemon-boost,can,55957,330ml,21656.1
6810,2018-04-30,shop_3,kinder-cola,glass,14065,500ml,16074.88
6811,2018-04-30,shop_3,kinder-cola,plastic,14974,1.5lt,19521.57
6812,2018-04-30,shop_3,kinder-cola,can,27629,330ml,14477.54
6813,2018-04-30,shop_3,adult-cola,glass,23446,500ml,21513.09
6814,2018-04-30,shop_3,adult-cola,plastic,9379,1.5lt,32969.23
6815,2018-04-30,shop_3,adult-cola,can,31514,330ml,16726.88
6816,2018-04-30,shop_3,orange-power,glass,42382,500ml,24826.95
6817,2018-04-30,shop_3,orange-power,plastic,13266,1.5lt,32018.55
6818,2018-04-30,shop_3,orange-power,can,33303,330ml,16350.39
6819,2018-04-30,shop_3,gazoza,glass,39456,500ml,23298.37
6820,2018-04-30,shop_3,gazoza,plastic,17888,1.5lt,24460.95
6821,2018-04-30,shop_3,gazoza,can,46232,330ml,14151.33
6822,2018-04-30,shop_3,lemon-boost,glass,14770,500ml,17613.28
6823,2018-04-30,shop_3,lemon-boost,plastic,13815,1.5lt,32860.97
6824,2018-04-30,shop_3,lemon-boost,can,21058,330ml,10331.95
6840,2018-05-31,shop_1,kinder-cola,glass,23595,500ml,23277.76
6841,2018-05-31,shop_1,kinder-cola,plastic,13753,1.5lt,45335.79
6842,2018-05-31,shop_1,kinder-cola,can,15025,330ml,15184.93
6843,2018-05-31,shop_1,adult-cola,glass,22323,500ml,30980.96
6844,2018-05-31,shop_1,adult-cola,plastic,19973,1.5lt,43402.43
6845,2018-05-31,shop_1,adult-cola,can,48913,330ml,21195.04
6846,2018-05-31,shop_1,orange-power,glass,51564,500ml,41751.49
6847,2018-05-31,shop_1,orange-power,plastic,26709,1.5lt,49453.46
6848,2018-05-31,shop_1,orange-power,can,43139,330ml,22236.18
6849,2018-05-31,shop_1,gazoza,glass,49552,500ml,31917.36
6850,2018-05-31,shop_1,gazoza,plastic,26626,1.5lt,35856.18
6851,2018-05-31,shop_1,gazoza,can,73346,330ml,20062.34
6852,2018-05-31,shop_1,lemon-boost,glass,17232,500ml,19091.29
6853,2018-05-31,shop_1,lemon-boost,plastic,21556,1.5lt,36497.75
6854,2018-05-31,shop_1,lemon-boost,can,33556,330ml,20344.9
6855,2018-05-31,shop_2,kinder-cola,glass,18083,500ml,26178.24
6856,2018-05-31,shop_2,kinder-cola,plastic,13831,1.5lt,50083.71
6857,2018-05-31,shop_2,kinder-cola,can,31163,330ml,20233.71
6858,2018-05-31,shop_2,adult-cola,glass,31765,500ml,36232.74
6859,2018-05-31,shop_2,adult-cola,plastic,32960,1.5lt,69854.43
6860,2018-05-31,shop_2,adult-cola,can,47456,330ml,27750.07
6861,2018-05-31,shop_2,orange-power,glass,76719,500ml,40407.38
6862,2018-05-31,shop_2,orange-power,plastic,28878,1.5lt,59751.37
6863,2018-05-31,shop_2,orange-power,can,74461,330ml,30057.54
6864,2018-05-31,shop_2,gazoza,glass,51467,500ml,34471.03
6865,2018-05-31,shop_2,gazoza,plastic,46147,1.5lt,51805.4
6866,2018-05-31,shop_2,gazoza,can,35570,330ml,16077.07
6867,2018-05-31,shop_2,lemon-boost,glass,37439,500ml,28445.27
6868,2018-05-31,shop_2,lemon-boost,plastic,26991,1.5lt,47607.85
6869,2018-05-31,shop_2,lemon-boost,can,24874,330ml,17863.95
6870,2018-05-31,shop_6,kinder-cola,glass,19048,500ml,33332.91
6871,2018-05-31,shop_6,kinder-cola,plastic,25469,1.5lt,68715.52
6872,2018-05-31,shop_6,kinder-cola,can,25682,330ml,23926.75
6873,2018-05-31,shop_6,adult-cola,glass,59778,500ml,55249.19
6874,2018-05-31,shop_6,adult-cola,plastic,29204,1.5lt,85994.99
6875,2018-05-31,shop_6,adult-cola,can,69471,330ml,38871.97
6876,2018-05-31,shop_6,orange-power,glass,51696,500ml,51694.28
6877,2018-05-31,shop_6,orange-power,plastic,48770,1.5lt,84948.22
6878,2018-05-31,shop_6,orange-power,can,72275,330ml,38345.9
6879,2018-05-31,shop_6,gazoza,glass,45353,500ml,36087.33
6880,2018-05-31,shop_6,gazoza,plastic,61813,1.5lt,62784.92
6881,2018-05-31,shop_6,gazoza,can,72645,330ml,29300.0
6882,2018-05-31,shop_6,lemon-boost,glass,51816,500ml,40880.17
6883,2018-05-31,shop_6,lemon-boost,plastic,48756,1.5lt,42670.26
6884,2018-05-31,shop_6,lemon-boost,can,43743,330ml,27790.76
6885,2018-05-31,shop_4,kinder-cola,glass,26075,500ml,34432.65
6886,2018-05-31,shop_4,kinder-cola,plastic,13502,1.5lt,47189.56
6887,2018-05-31,shop_4,kinder-cola,can,36847,330ml,22546.78
6888,2018-05-31,shop_4,adult-cola,glass,52345,500ml,46731.93
6889,2018-05-31,shop_4,adult-cola,plastic,29198,1.5lt,76017.71
6890,2018-05-31,shop_4,adult-cola,can,42540,330ml,29478.4
6891,2018-05-31,shop_4,orange-power,glass,65718,500ml,45445.89
6892,2018-05-31,shop_4,orange-power,plastic,43350,1.5lt,75337.65
6893,2018-05-31,shop_4,orange-power,can,51084,330ml,29504.69
6894,2018-05-31,shop_4,gazoza,glass,44298,500ml,32728.59
6895,2018-05-31,shop_4,gazoza,plastic,29799,1.5lt,44049.59
6896,2018-05-31,shop_4,gazoza,can,42929,330ml,19095.71
6897,2018-05-31,shop_4,lemon-boost,glass,39839,500ml,34367.45
6898,2018-05-31,shop_4,lemon-boost,plastic,29018,1.5lt,52830.3
6899,2018-05-31,shop_4,lemon-boost,can,38403,330ml,24695.87
6900,2018-05-31,shop_3,kinder-cola,glass,17680,500ml,16440.97
6901,2018-05-31,shop_3,kinder-cola,plastic,14961,1.5lt,33391.52
6902,2018-05-31,shop_3,kinder-cola,can,15272,330ml,12244.79
6903,2018-05-31,shop_3,adult-cola,glass,24131,500ml,27747.74
6904,2018-05-31,shop_3,adult-cola,plastic,19066,1.5lt,44772.69
6905,2018-05-31,shop_3,adult-cola,can,27071,330ml,20070.24
6906,2018-05-31,shop_3,orange-power,glass,17950,500ml,20251.09
6907,2018-05-31,shop_3,orange-power,plastic,24735,1.5lt,36369.92
6908,2018-05-31,shop_3,orange-power,can,43751,330ml,17776.99
6909,2018-05-31,shop_3,gazoza,glass,24640,500ml,19442.96
6910,2018-05-31,shop_3,gazoza,plastic,35827,1.5lt,31976.76
6911,2018-05-31,shop_3,gazoza,can,35502,330ml,14070.9
6912,2018-05-31,shop_3,lemon-boost,glass,15515,500ml,17198.98
6913,2018-05-31,shop_3,lemon-boost,plastic,17425,1.5lt,37458.71
6914,2018-05-31,shop_3,lemon-boost,can,16309,330ml,10831.07
6930,2018-06-30,shop_1,kinder-cola,glass,17139,500ml,25169.9
6931,2018-06-30,shop_1,kinder-cola,plastic,19783,1.5lt,39796.55
6932,2018-06-30,shop_1,kinder-cola,can,19622,330ml,16843.27
6933,2018-06-30,shop_1,adult-cola,glass,33702,500ml,34762.31
6934,2018-06-30,shop_1,adult-cola,plastic,29429,1.5lt,50056.93
6935,2018-06-30,shop_1,adult-cola,can,38200,330ml,26001.3
6936,2018-06-30,shop_1,orange-power,glass,33618,500ml,33861.2
6937,2018-06-30,shop_1,orange-power,plastic,32538,1.5lt,52515.39
6938,2018-06-30,shop_1,orange-power,can,65526,330ml,25972.25
6939,2018-06-30,shop_1,gazoza,glass,41118,500ml,30555.55
6940,2018-06-30,shop_1,gazoza,plastic,43298,1.5lt,46658.88
6941,2018-06-30,shop_1,gazoza,can,62193,330ml,22594.62
6942,2018-06-30,shop_1,lemon-boost,glass,21413,500ml,24479.65
6943,2018-06-30,shop_1,lemon-boost,plastic,19165,1.5lt,42247.63
6944,2018-06-30,shop_1,lemon-boost,can,30946,330ml,18121.07
6945,2018-06-30,shop_2,kinder-cola,glass,27323,500ml,34244.28
6946,2018-06-30,shop_2,kinder-cola,plastic,20697,1.5lt,49014.2
6947,2018-06-30,shop_2,kinder-cola,can,34309,330ml,26078.83
6948,2018-06-30,shop_2,adult-cola,glass,63932,500ml,44064.81
6949,2018-06-30,shop_2,adult-cola,plastic,30667,1.5lt,71388.25
6950,2018-06-30,shop_2,adult-cola,can,30712,330ml,27252.73
6951,2018-06-30,shop_2,orange-power,glass,57263,500ml,49445.39
6952,2018-06-30,shop_2,orange-power,plastic,68024,1.5lt,45318.03
6953,2018-06-30,shop_2,orange-power,can,68733,330ml,29678.85
6954,2018-06-30,shop_2,gazoza,glass,59892,500ml,41158.28
6955,2018-06-30,shop_2,gazoza,plastic,32592,1.5lt,44448.35
6956,2018-06-30,shop_2,gazoza,can,61904,330ml,24692.32
6957,2018-06-30,shop_2,lemon-boost,glass,38676,500ml,36562.57
6958,2018-06-30,shop_2,lemon-boost,plastic,25227,1.5lt,59220.64
6959,2018-06-30,shop_2,lemon-boost,can,39479,330ml,23750.26
6960,2018-06-30,shop_6,kinder-cola,glass,29308,500ml,44447.16
6961,2018-06-30,shop_6,kinder-cola,plastic,24507,1.5lt,71699.75
6962,2018-06-30,shop_6,kinder-cola,can,51416,330ml,33746.59
6963,2018-06-30,shop_6,adult-cola,glass,43805,500ml,50343.2
6964,2018-06-30,shop_6,adult-cola,plastic,29090,1.5lt,93425.96
6965,2018-06-30,shop_6,adult-cola,can,52442,330ml,38979.57
6966,2018-06-30,shop_6,orange-power,glass,64217,500ml,60354.38
6967,2018-06-30,shop_6,orange-power,plastic,49463,1.5lt,90247.57
6968,2018-06-30,shop_6,orange-power,can,70490,330ml,38215.91
6969,2018-06-30,shop_6,gazoza,glass,44942,500ml,38719.44
6970,2018-06-30,shop_6,gazoza,plastic,37937,1.5lt,56751.2
6971,2018-06-30,shop_6,gazoza,can,106327,330ml,35902.42
6972,2018-06-30,shop_6,lemon-boost,glass,41182,500ml,45827.78
6973,2018-06-30,shop_6,lemon-boost,plastic,20657,1.5lt,56521.65
6974,2018-06-30,shop_6,lemon-boost,can,52220,330ml,31328.52
6975,2018-06-30,shop_4,kinder-cola,glass,19934,500ml,30988.77
6976,2018-06-30,shop_4,kinder-cola,plastic,20003,1.5lt,63511.69
6977,2018-06-30,shop_4,kinder-cola,can,29257,330ml,23342.27
6978,2018-06-30,shop_4,adult-cola,glass,58151,500ml,43281.26
6979,2018-06-30,shop_4,adult-cola,plastic,37267,1.5lt,82264.91
6980,2018-06-30,shop_4,adult-cola,can,56347,330ml,37496.92
6981,2018-06-30,shop_4,orange-power,glass,46325,500ml,44354.39
6982,2018-06-30,shop_4,orange-power,plastic,51022,1.5lt,78290.56
6983,2018-06-30,shop_4,orange-power,can,60843,330ml,31932.94
6984,2018-06-30,shop_4,gazoza,glass,38282,500ml,31096.57
6985,2018-06-30,shop_4,gazoza,plastic,39671,1.5lt,49691.65
6986,2018-06-30,shop_4,gazoza,can,63669,330ml,26158.07
6987,2018-06-30,shop_4,lemon-boost,glass,36502,500ml,35181.34
6988,2018-06-30,shop_4,lemon-boost,plastic,28496,1.5lt,62063.0
6989,2018-06-30,shop_4,lemon-boost,can,34219,330ml,22313.27
6990,2018-06-30,shop_3,kinder-cola,glass,26425,500ml,21902.74
6991,2018-06-30,shop_3,kinder-cola,plastic,6735,1.5lt,29103.81
6992,2018-06-30,shop_3,kinder-cola,can,35803,330ml,12691.89
6993,2018-06-30,shop_3,adult-cola,glass,21953,500ml,26242.77
6994,2018-06-30,shop_3,adult-cola,plastic,22668,1.5lt,59657.83
6995,2018-06-30,shop_3,adult-cola,can,30812,330ml,22095.19
6996,2018-06-30,shop_3,orange-power,glass,34402,500ml,32346.87
6997,2018-06-30,shop_3,orange-power,plastic,41050,1.5lt,35886.64
6998,2018-06-30,shop_3,orange-power,can,49654,330ml,20742.25
6999,2018-06-30,shop_3,gazoza,glass,24356,500ml,20099.79
7000,2018-06-30,shop_3,gazoza,plastic,18581,1.5lt,28427.53
7001,2018-06-30,shop_3,gazoza,can,27664,330ml,12795.88
7002,2018-06-30,shop_3,lemon-boost,glass,21690,500ml,22493.44
7003,2018-06-30,shop_3,lemon-boost,plastic,7762,1.5lt,23661.75
7004,2018-06-30,shop_3,lemon-boost,can,29142,330ml,17823.34
7020,2018-07-31,shop_1,kinder-cola,glass,30624,500ml,27559.66
7021,2018-07-31,shop_1,kinder-cola,plastic,15326,1.5lt,52421.86
7022,2018-07-31,shop_1,kinder-cola,can,18521,330ml,19177.47
7023,2018-07-31,shop_1,adult-cola,glass,20725,500ml,29185.03
7024,2018-07-31,shop_1,adult-cola,plastic,25940,1.5lt,63245.91
7025,2018-07-31,shop_1,adult-cola,can,28645,330ml,25956.78
7026,2018-07-31,shop_1,orange-power,glass,40764,500ml,39175.64
7027,2018-07-31,shop_1,orange-power,plastic,23118,1.5lt,50201.64
7028,2018-07-31,shop_1,orange-power,can,65070,330ml,31025.46
7029,2018-07-31,shop_1,gazoza,glass,52214,500ml,37471.07
7030,2018-07-31,shop_1,gazoza,plastic,42880,1.5lt,45694.98
7031,2018-07-31,shop_1,gazoza,can,48730,330ml,19385.28
7032,2018-07-31,shop_1,lemon-boost,glass,30286,500ml,33870.91
7033,2018-07-31,shop_1,lemon-boost,plastic,27116,1.5lt,49480.52
7034,2018-07-31,shop_1,lemon-boost,can,45441,330ml,22209.79
7035,2018-07-31,shop_2,kinder-cola,glass,26034,500ml,36256.78
7036,2018-07-31,shop_2,kinder-cola,plastic,31617,1.5lt,48795.27
7037,2018-07-31,shop_2,kinder-cola,can,23763,330ml,22309.31
7038,2018-07-31,shop_2,adult-cola,glass,36935,500ml,46726.39
7039,2018-07-31,shop_2,adult-cola,plastic,24611,1.5lt,70349.85
7040,2018-07-31,shop_2,adult-cola,can,53263,330ml,35053.24
7041,2018-07-31,shop_2,orange-power,glass,68788,500ml,60468.22
7042,2018-07-31,shop_2,orange-power,plastic,30037,1.5lt,64963.24
7043,2018-07-31,shop_2,orange-power,can,68115,330ml,32666.04
7044,2018-07-31,shop_2,gazoza,glass,98224,500ml,52319.16
7045,2018-07-31,shop_2,gazoza,plastic,37016,1.5lt,53099.03
7046,2018-07-31,shop_2,gazoza,can,86475,330ml,33266.44
7047,2018-07-31,shop_2,lemon-boost,glass,39288,500ml,41529.7
7048,2018-07-31,shop_2,lemon-boost,plastic,28277,1.5lt,57068.92
7049,2018-07-31,shop_2,lemon-boost,can,54420,330ml,26642.83
7050,2018-07-31,shop_6,kinder-cola,glass,45914,500ml,50325.09
7051,2018-07-31,shop_6,kinder-cola,plastic,25644,1.5lt,83759.85
7052,2018-07-31,shop_6,kinder-cola,can,43004,330ml,33562.04
7053,2018-07-31,shop_6,adult-cola,glass,72893,500ml,70851.29
7054,2018-07-31,shop_6,adult-cola,plastic,39114,1.5lt,109921.73
7055,2018-07-31,shop_6,adult-cola,can,71943,330ml,48362.05
7056,2018-07-31,shop_6,orange-power,glass,63262,500ml,63000.39
7057,2018-07-31,shop_6,orange-power,plastic,60903,1.5lt,113758.23
7058,2018-07-31,shop_6,orange-power,can,116612,330ml,46683.01
7059,2018-07-31,shop_6,gazoza,glass,65867,500ml,51607.71
7060,2018-07-31,shop_6,gazoza,plastic,50019,1.5lt,71926.8
7061,2018-07-31,shop_6,gazoza,can,70705,330ml,29471.56
7062,2018-07-31,shop_6,lemon-boost,glass,48210,500ml,50031.27
7063,2018-07-31,shop_6,lemon-boost,plastic,40121,1.5lt,85070.28
7064,2018-07-31,shop_6,lemon-boost,can,54556,330ml,34132.61
7065,2018-07-31,shop_4,kinder-cola,glass,21345,500ml,33852.07
7066,2018-07-31,shop_4,kinder-cola,plastic,21475,1.5lt,68090.89
7067,2018-07-31,shop_4,kinder-cola,can,38380,330ml,23100.72
7068,2018-07-31,shop_4,adult-cola,glass,34609,500ml,46231.73
7069,2018-07-31,shop_4,adult-cola,plastic,24610,1.5lt,82108.3
7070,2018-07-31,shop_4,adult-cola,can,43498,330ml,34628.84
7071,2018-07-31,shop_4,orange-power,glass,50695,500ml,47900.88
7072,2018-07-31,shop_4,orange-power,plastic,65375,1.5lt,71411.51
7073,2018-07-31,shop_4,orange-power,can,85458,330ml,38071.8
7074,2018-07-31,shop_4,gazoza,glass,54326,500ml,41366.46
7075,2018-07-31,shop_4,gazoza,plastic,60553,1.5lt,70937.58
7076,2018-07-31,shop_4,gazoza,can,86431,330ml,30267.39
7077,2018-07-31,shop_4,lemon-boost,glass,38534,500ml,40321.08
7078,2018-07-31,shop_4,lemon-boost,plastic,19857,1.5lt,58318.82
7079,2018-07-31,shop_4,lemon-boost,can,35322,330ml,24966.13
7080,2018-07-31,shop_3,kinder-cola,glass,27503,500ml,19794.52
7081,2018-07-31,shop_3,kinder-cola,plastic,5608,1.5lt,26869.32
7082,2018-07-31,shop_3,kinder-cola,can,23554,330ml,18055.95
7083,2018-07-31,shop_3,adult-cola,glass,39081,500ml,31773.52
7084,2018-07-31,shop_3,adult-cola,plastic,18160,1.5lt,42851.98
7085,2018-07-31,shop_3,adult-cola,can,18344,330ml,18076.56
7086,2018-07-31,shop_3,orange-power,glass,36776,500ml,37232.41
7087,2018-07-31,shop_3,orange-power,plastic,30193,1.5lt,63488.73
7088,2018-07-31,shop_3,orange-power,can,58955,330ml,28952.23
7089,2018-07-31,shop_3,gazoza,glass,47506,500ml,32765.47
7090,2018-07-31,shop_3,gazoza,plastic,33460,1.5lt,35871.94
7091,2018-07-31,shop_3,gazoza,can,67704,330ml,20365.14
7092,2018-07-31,shop_3,lemon-boost,glass,31124,500ml,27168.58
7093,2018-07-31,shop_3,lemon-boost,plastic,14953,1.5lt,34501.35
7094,2018-07-31,shop_3,lemon-boost,can,29685,330ml,19064.78
7110,2018-08-31,shop_1,kinder-cola,glass,18853,500ml,24440.64
7111,2018-08-31,shop_1,kinder-cola,plastic,18741,1.5lt,49850.2
7112,2018-08-31,shop_1,kinder-cola,can,27144,330ml,17529.66
7113,2018-08-31,shop_1,adult-cola,glass,36011,500ml,35099.6
7114,2018-08-31,shop_1,adult-cola,plastic,29726,1.5lt,68551.09
7115,2018-08-31,shop_1,adult-cola,can,46742,330ml,23501.95
7116,2018-08-31,shop_1,orange-power,glass,64590,500ml,34969.56
7117,2018-08-31,shop_1,orange-power,plastic,37979,1.5lt,48570.4
7118,2018-08-31,shop_1,orange-power,can,51924,330ml,25718.47
7119,2018-08-31,shop_1,gazoza,glass,40927,500ml,28615.78
7120,2018-08-31,shop_1,gazoza,plastic,30295,1.5lt,41284.81
7121,2018-08-31,shop_1,gazoza,can,48138,330ml,16857.74
7122,2018-08-31,shop_1,lemon-boost,glass,35183,500ml,30779.29
7123,2018-08-31,shop_1,lemon-boost,plastic,21099,1.5lt,46151.07
7124,2018-08-31,shop_1,lemon-boost,can,37404,330ml,20144.07
7125,2018-08-31,shop_2,kinder-cola,glass,20380,500ml,26719.92
7126,2018-08-31,shop_2,kinder-cola,plastic,17501,1.5lt,52647.77
7127,2018-08-31,shop_2,kinder-cola,can,19448,330ml,18446.75
7128,2018-08-31,shop_2,adult-cola,glass,48015,500ml,47382.21
7129,2018-08-31,shop_2,adult-cola,plastic,35075,1.5lt,74367.13
7130,2018-08-31,shop_2,adult-cola,can,31431,330ml,24687.6
7131,2018-08-31,shop_2,orange-power,glass,37257,500ml,37641.61
7132,2018-08-31,shop_2,orange-power,plastic,39416,1.5lt,67064.9
7133,2018-08-31,shop_2,orange-power,can,33777,330ml,21986.49
7134,2018-08-31,shop_2,gazoza,glass,58951,500ml,39001.86
7135,2018-08-31,shop_2,gazoza,plastic,34801,1.5lt,42899.48
7136,2018-08-31,shop_2,gazoza,can,43679,330ml,18492.86
7137,2018-08-31,shop_2,lemon-boost,glass,34010,500ml,32808.3
7138,2018-08-31,shop_2,lemon-boost,plastic,23196,1.5lt,49679.41
7139,2018-08-31,shop_2,lemon-boost,can,58253,330ml,20904.06
7140,2018-08-31,shop_6,kinder-cola,glass,33082,500ml,41660.02
7141,2018-08-31,shop_6,kinder-cola,plastic,24522,1.5lt,65911.66
7142,2018-08-31,shop_6,kinder-cola,can,32701,330ml,29874.73
7143,2018-08-31,shop_6,adult-cola,glass,76756,500ml,64578.14
7144,2018-08-31,shop_6,adult-cola,plastic,46699,1.5lt,97602.53
7145,2018-08-31,shop_6,adult-cola,can,46949,330ml,38098.51
7146,2018-08-31,shop_6,orange-power,glass,46193,500ml,45164.68
7147,2018-08-31,shop_6,orange-power,plastic,42071,1.5lt,72217.07
7148,2018-08-31,shop_6,orange-power,can,71277,330ml,36071.99
7149,2018-08-31,shop_6,gazoza,glass,71114,500ml,52618.2
7150,2018-08-31,shop_6,gazoza,plastic,56429,1.5lt,65012.98
7151,2018-08-31,shop_6,gazoza,can,75641,330ml,30466.77
7152,2018-08-31,shop_6,lemon-boost,glass,45513,500ml,48755.32
7153,2018-08-31,shop_6,lemon-boost,plastic,36749,1.5lt,73413.51
7154,2018-08-31,shop_6,lemon-boost,can,57951,330ml,34329.63
7155,2018-08-31,shop_4,kinder-cola,glass,22680,500ml,29973.42
7156,2018-08-31,shop_4,kinder-cola,plastic,16529,1.5lt,55593.36
7157,2018-08-31,shop_4,kinder-cola,can,27701,330ml,21386.54
7158,2018-08-31,shop_4,adult-cola,glass,39643,500ml,50478.39
7159,2018-08-31,shop_4,adult-cola,plastic,26687,1.5lt,75139.85
7160,2018-08-31,shop_4,adult-cola,can,47931,330ml,31689.95
7161,2018-08-31,shop_4,orange-power,glass,50824,500ml,45217.33
7162,2018-08-31,shop_4,orange-power,plastic,47474,1.5lt,73650.52
7163,2018-08-31,shop_4,orange-power,can,53610,330ml,28638.45
7164,2018-08-31,shop_4,gazoza,glass,56671,500ml,41885.5
7165,2018-08-31,shop_4,gazoza,plastic,54591,1.5lt,54467.01
7166,2018-08-31,shop_4,gazoza,can,71557,330ml,27362.19
7167,2018-08-31,shop_4,lemon-boost,glass,37497,500ml,37689.61
7168,2018-08-31,shop_4,lemon-boost,plastic,40863,1.5lt,56526.79
7169,2018-08-31,shop_4,lemon-boost,can,30507,330ml,19216.61
7170,2018-08-31,shop_3,kinder-cola,glass,12471,500ml,19146.62
7171,2018-08-31,shop_3,kinder-cola,plastic,7702,1.5lt,31652.91
7172,2018-08-31,shop_3,kinder-cola,can,21727,330ml,15258.95
7173,2018-08-31,shop_3,adult-cola,glass,19336,500ml,24755.05
7174,2018-08-31,shop_3,adult-cola,plastic,26165,1.5lt,37588.82
7175,2018-08-31,shop_3,adult-cola,can,25105,330ml,19110.04
7176,2018-08-31,shop_3,orange-power,glass,36830,500ml,25997.24
7177,2018-08-31,shop_3,orange-power,plastic,22991,1.5lt,37448.93
7178,2018-08-31,shop_3,orange-power,can,43250,330ml,17237.87
7179,2018-08-31,shop_3,gazoza,glass,28149,500ml,21300.29
7180,2018-08-31,shop_3,gazoza,plastic,29429,1.5lt,28347.08
7181,2018-08-31,shop_3,gazoza,can,40629,330ml,16026.64
7182,2018-08-31,shop_3,lemon-boost,glass,35464,500ml,23140.13
7183,2018-08-31,shop_3,lemon-boost,plastic,18629,1.5lt,34505.88
7184,2018-08-31,shop_3,lemon-boost,can,33294,330ml,12307.42
7200,2018-09-30,shop_1,kinder-cola,glass,15469,500ml,17189.63
7201,2018-09-30,shop_1,kinder-cola,plastic,8110,1.5lt,34627.42
7202,2018-09-30,shop_1,kinder-cola,can,15927,330ml,13677.63
7203,2018-09-30,shop_1,adult-cola,glass,25190,500ml,28833.18
7204,2018-09-30,shop_1,adult-cola,plastic,12037,1.5lt,40453.21
7205,2018-09-30,shop_1,adult-cola,can,28676,330ml,21329.04
7206,2018-09-30,shop_1,orange-power,glass,36729,500ml,37455.3
7207,2018-09-30,shop_1,orange-power,plastic,37083,1.5lt,41682.63
7208,2018-09-30,shop_1,orange-power,can,56896,330ml,21726.12
7209,2018-09-30,shop_1,gazoza,glass,42716,500ml,27118.92
7210,2018-09-30,shop_1,gazoza,plastic,27754,1.5lt,36622.51
7211,2018-09-30,shop_1,gazoza,can,57468,330ml,17326.2
7212,2018-09-30,shop_1,lemon-boost,glass,21410,500ml,22258.66
7213,2018-09-30,shop_1,lemon-boost,plastic,14297,1.5lt,35812.82
7214,2018-09-30,shop_1,lemon-boost,can,22197,330ml,14797.4
7215,2018-09-30,shop_2,kinder-cola,glass,18780,500ml,22269.48
7216,2018-09-30,shop_2,kinder-cola,plastic,12598,1.5lt,43062.85
7217,2018-09-30,shop_2,kinder-cola,can,22964,330ml,15715.9
7218,2018-09-30,shop_2,adult-cola,glass,27741,500ml,34518.83
7219,2018-09-30,shop_2,adult-cola,plastic,30318,1.5lt,41108.16
7220,2018-09-30,shop_2,adult-cola,can,26941,330ml,21231.67
7221,2018-09-30,shop_2,orange-power,glass,40988,500ml,37193.49
7222,2018-09-30,shop_2,orange-power,plastic,27193,1.5lt,46028.41
7223,2018-09-30,shop_2,orange-power,can,49903,330ml,25188.68
7224,2018-09-30,shop_2,gazoza,glass,49308,500ml,33774.75
7225,2018-09-30,shop_2,gazoza,plastic,29051,1.5lt,39951.76
7226,2018-09-30,shop_2,gazoza,can,32848,330ml,14754.04
7227,2018-09-30,shop_2,lemon-boost,glass,17859,500ml,22093.81
7228,2018-09-30,shop_2,lemon-boost,plastic,19090,1.5lt,46251.23
7229,2018-09-30,shop_2,lemon-boost,can,24236,330ml,15069.61
7230,2018-09-30,shop_6,kinder-cola,glass,37397,500ml,35215.11
7231,2018-09-30,shop_6,kinder-cola,plastic,24340,1.5lt,58291.42
7232,2018-09-30,shop_6,kinder-cola,can,46950,330ml,28889.45
7233,2018-09-30,shop_6,adult-cola,glass,53141,500ml,51864.03
7234,2018-09-30,shop_6,adult-cola,plastic,27191,1.5lt,81216.8
7235,2018-09-30,shop_6,adult-cola,can,58399,330ml,36254.72
7236,2018-09-30,shop_6,orange-power,glass,79092,500ml,59390.86
7237,2018-09-30,shop_6,orange-power,plastic,48008,1.5lt,55818.23
7238,2018-09-30,shop_6,orange-power,can,71143,330ml,34086.81
7239,2018-09-30,shop_6,gazoza,glass,61026,500ml,45093.04
7240,2018-09-30,shop_6,gazoza,plastic,44446,1.5lt,57279.85
7241,2018-09-30,shop_6,gazoza,can,60715,330ml,25562.12
7242,2018-09-30,shop_6,lemon-boost,glass,36120,500ml,37319.95
7243,2018-09-30,shop_6,lemon-boost,plastic,26073,1.5lt,64252.98
7244,2018-09-30,shop_6,lemon-boost,can,39667,330ml,22993.36
7245,2018-09-30,shop_4,kinder-cola,glass,14713,500ml,24001.6
7246,2018-09-30,shop_4,kinder-cola,plastic,14177,1.5lt,50252.49
7247,2018-09-30,shop_4,kinder-cola,can,27999,330ml,16463.17
7248,2018-09-30,shop_4,adult-cola,glass,38387,500ml,40755.57
7249,2018-09-30,shop_4,adult-cola,plastic,26587,1.5lt,54143.51
7250,2018-09-30,shop_4,adult-cola,can,26716,330ml,22999.55
7251,2018-09-30,shop_4,orange-power,glass,43546,500ml,42534.49
7252,2018-09-30,shop_4,orange-power,plastic,25964,1.5lt,54340.8
7253,2018-09-30,shop_4,orange-power,can,44449,330ml,25308.43
7254,2018-09-30,shop_4,gazoza,glass,40600,500ml,30740.84
7255,2018-09-30,shop_4,gazoza,plastic,30861,1.5lt,41335.06
7256,2018-09-30,shop_4,gazoza,can,43753,330ml,17953.65
7257,2018-09-30,shop_4,lemon-boost,glass,26262,500ml,28059.51
7258,2018-09-30,shop_4,lemon-boost,plastic,25528,1.5lt,47390.97
7259,2018-09-30,shop_4,lemon-boost,can,28386,330ml,16710.13
7260,2018-09-30,shop_3,kinder-cola,glass,15035,500ml,16802.9
7261,2018-09-30,shop_3,kinder-cola,plastic,8390,1.5lt,25012.27
7262,2018-09-30,shop_3,kinder-cola,can,17223,330ml,12713.04
7263,2018-09-30,shop_3,adult-cola,glass,17355,500ml,20864.55
7264,2018-09-30,shop_3,adult-cola,plastic,10505,1.5lt,33541.17
7265,2018-09-30,shop_3,adult-cola,can,42463,330ml,16003.56
7266,2018-09-30,shop_3,orange-power,glass,17759,500ml,19440.72
7267,2018-09-30,shop_3,orange-power,plastic,21520,1.5lt,34916.76
7268,2018-09-30,shop_3,orange-power,can,40765,330ml,19981.75
7269,2018-09-30,shop_3,gazoza,glass,25062,500ml,18743.57
7270,2018-09-30,shop_3,gazoza,plastic,13113,1.5lt,20946.0
7271,2018-09-30,shop_3,gazoza,can,51002,330ml,12806.98
7272,2018-09-30,shop_3,lemon-boost,glass,15875,500ml,18021.5
7273,2018-09-30,shop_3,lemon-boost,plastic,13672,1.5lt,29993.13
7274,2018-09-30,shop_3,lemon-boost,can,15321,330ml,10374.85
7290,2018-10-31,shop_1,kinder-cola,glass,8152,500ml,13931.08
7291,2018-10-31,shop_1,kinder-cola,plastic,13499,1.5lt,26197.02
7292,2018-10-31,shop_1,kinder-cola,can,19165,330ml,12097.63
7293,2018-10-31,shop_1,adult-cola,glass,27189,500ml,26824.14
7294,2018-10-31,shop_1,adult-cola,plastic,12496,1.5lt,37059.56
7295,2018-10-31,shop_1,adult-cola,can,28390,330ml,18287.54
7296,2018-10-31,shop_1,orange-power,glass,22719,500ml,22956.21
7297,2018-10-31,shop_1,orange-power,plastic,14051,1.5lt,34077.62
7298,2018-10-31,shop_1,orange-power,can,32055,330ml,14668.59
7299,2018-10-31,shop_1,gazoza,glass,18587,500ml,16314.42
7300,2018-10-31,shop_1,gazoza,plastic,18117,1.5lt,26312.12
7301,2018-10-31,shop_1,gazoza,can,26089,330ml,11975.77
7302,2018-10-31,shop_1,lemon-boost,glass,17642,500ml,15798.76
7303,2018-10-31,shop_1,lemon-boost,plastic,8958,1.5lt,25246.0
7304,2018-10-31,shop_1,lemon-boost,can,32793,330ml,11225.97
7305,2018-10-31,shop_2,kinder-cola,glass,16640,500ml,20665.41
7306,2018-10-31,shop_2,kinder-cola,plastic,15036,1.5lt,37451.04
7307,2018-10-31,shop_2,kinder-cola,can,25711,330ml,17996.09
7308,2018-10-31,shop_2,adult-cola,glass,24088,500ml,27348.52
7309,2018-10-31,shop_2,adult-cola,plastic,21770,1.5lt,57171.55
7310,2018-10-31,shop_2,adult-cola,can,39474,330ml,20654.04
7311,2018-10-31,shop_2,orange-power,glass,27671,500ml,27446.01
7312,2018-10-31,shop_2,orange-power,plastic,29253,1.5lt,40994.82
7313,2018-10-31,shop_2,orange-power,can,40751,330ml,19120.47
7314,2018-10-31,shop_2,gazoza,glass,30732,500ml,22960.07
7315,2018-10-31,shop_2,gazoza,plastic,20759,1.5lt,31760.89
7316,2018-10-31,shop_2,gazoza,can,39852,330ml,14807.8
7317,2018-10-31,shop_2,lemon-boost,glass,24266,500ml,25229.06
7318,2018-10-31,shop_2,lemon-boost,plastic,23137,1.5lt,41113.59
7319,2018-10-31,shop_2,lemon-boost,can,30769,330ml,16580.09
7320,2018-10-31,shop_6,kinder-cola,glass,20083,500ml,27759.98
7321,2018-10-31,shop_6,kinder-cola,plastic,17957,1.5lt,49917.99
7322,2018-10-31,shop_6,kinder-cola,can,39081,330ml,23275.41
7323,2018-10-31,shop_6,adult-cola,glass,24682,500ml,32228.81
7324,2018-10-31,shop_6,adult-cola,plastic,26617,1.5lt,69864.48
7325,2018-10-31,shop_6,adult-cola,can,44601,330ml,26200.5
7326,2018-10-31,shop_6,orange-power,glass,52069,500ml,37996.11
7327,2018-10-31,shop_6,orange-power,plastic,32602,1.5lt,64964.44
7328,2018-10-31,shop_6,orange-power,can,61016,330ml,29671.27
7329,2018-10-31,shop_6,gazoza,glass,51068,500ml,35740.87
7330,2018-10-31,shop_6,gazoza,plastic,37596,1.5lt,45148.29
7331,2018-10-31,shop_6,gazoza,can,70282,330ml,24479.3
7332,2018-10-31,shop_6,lemon-boost,glass,25736,500ml,27336.25
7333,2018-10-31,shop_6,lemon-boost,plastic,18889,1.5lt,40416.62
7334,2018-10-31,shop_6,lemon-boost,can,30721,330ml,18532.93
7335,2018-10-31,shop_4,kinder-cola,glass,22813,500ml,22902.68
7336,2018-10-31,shop_4,kinder-cola,plastic,10467,1.5lt,34506.01
7337,2018-10-31,shop_4,kinder-cola,can,22000,330ml,13674.54
7338,2018-10-31,shop_4,adult-cola,glass,16451,500ml,25057.63
7339,2018-10-31,shop_4,adult-cola,plastic,16569,1.5lt,52690.16
7340,2018-10-31,shop_4,adult-cola,can,38153,330ml,24892.47
7341,2018-10-31,shop_4,orange-power,glass,34239,500ml,36198.18
7342,2018-10-31,shop_4,orange-power,plastic,26666,1.5lt,50324.28
7343,2018-10-31,shop_4,orange-power,can,48800,330ml,21470.26
7344,2018-10-31,shop_4,gazoza,glass,43412,500ml,29863.05
7345,2018-10-31,shop_4,gazoza,plastic,31568,1.5lt,34161.69
7346,2018-10-31,shop_4,gazoza,can,22381,330ml,10936.51
7347,2018-10-31,shop_4,lemon-boost,glass,21612,500ml,20398.65
7348,2018-10-31,shop_4,lemon-boost,plastic,9518,1.5lt,30277.16
7349,2018-10-31,shop_4,lemon-boost,can,52476,330ml,13123.38
7350,2018-10-31,shop_3,kinder-cola,glass,10924,500ml,13789.67
7351,2018-10-31,shop_3,kinder-cola,plastic,11606,1.5lt,21255.39
7352,2018-10-31,shop_3,kinder-cola,can,12425,330ml,9257.66
7353,2018-10-31,shop_3,adult-cola,glass,15563,500ml,19480.47
7354,2018-10-31,shop_3,adult-cola,plastic,14615,1.5lt,37103.5
7355,2018-10-31,shop_3,adult-cola,can,16908,330ml,13710.69
7356,2018-10-31,shop_3,orange-power,glass,16558,500ml,17605.54
7357,2018-10-31,shop_3,orange-power,plastic,7146,1.5lt,19665.42
7358,2018-10-31,shop_3,orange-power,can,29095,330ml,11725.78
7359,2018-10-31,shop_3,gazoza,glass,15969,500ml,12809.14
7360,2018-10-31,shop_3,gazoza,plastic,16292,1.5lt,22507.79
7361,2018-10-31,shop_3,gazoza,can,23636,330ml,9607.64
7362,2018-10-31,shop_3,lemon-boost,glass,13193,500ml,14979.51
7363,2018-10-31,shop_3,lemon-boost,plastic,21588,1.5lt,21491.81
7364,2018-10-31,shop_3,lemon-boost,can,16664,330ml,9883.27
7380,2018-11-30,shop_1,kinder-cola,glass,8819,500ml,14492.91
7381,2018-11-30,shop_1,kinder-cola,plastic,12756,1.5lt,24022.56
7382,2018-11-30,shop_1,kinder-cola,can,11104,330ml,10200.55
7383,2018-11-30,shop_1,adult-cola,glass,34693,500ml,21323.96
7384,2018-11-30,shop_1,adult-cola,plastic,17652,1.5lt,43793.85
7385,2018-11-30,shop_1,adult-cola,can,29531,330ml,14435.33
7386,2018-11-30,shop_1,orange-power,glass,23926,500ml,22053.12
7387,2018-11-30,shop_1,orange-power,plastic,23576,1.5lt,33138.07
7388,2018-11-30,shop_1,orange-power,can,33484,330ml,16574.6
7389,2018-11-30,shop_1,gazoza,glass,37750,500ml,25677.62
7390,2018-11-30,shop_1,gazoza,plastic,23688,1.5lt,28173.95
7391,2018-11-30,shop_1,gazoza,can,14900,330ml,7256.96
7392,2018-11-30,shop_1,lemon-boost,glass,17665,500ml,17623.29
7393,2018-11-30,shop_1,lemon-boost,plastic,16857,1.5lt,26573.16
7394,2018-11-30,shop_1,lemon-boost,can,16135,330ml,10987.84
7395,2018-11-30,shop_2,kinder-cola,glass,21162,500ml,23764.1
7396,2018-11-30,shop_2,kinder-cola,plastic,11064,1.5lt,35558.14
7397,2018-11-30,shop_2,kinder-cola,can,15828,330ml,12832.53
7398,2018-11-30,shop_2,adult-cola,glass,19812,500ml,26672.12
7399,2018-11-30,shop_2,adult-cola,plastic,20468,1.5lt,41738.91
7400,2018-11-30,shop_2,adult-cola,can,36657,330ml,17962.52
7401,2018-11-30,shop_2,orange-power,glass,43789,500ml,35787.54
7402,2018-11-30,shop_2,orange-power,plastic,19982,1.5lt,41697.31
7403,2018-11-30,shop_2,orange-power,can,36022,330ml,17596.7
7404,2018-11-30,shop_2,gazoza,glass,57528,500ml,34538.28
7405,2018-11-30,shop_2,gazoza,plastic,11938,1.5lt,19798.13
7406,2018-11-30,shop_2,gazoza,can,45855,330ml,16774.74
7407,2018-11-30,shop_2,lemon-boost,glass,17082,500ml,18746.2
7408,2018-11-30,shop_2,lemon-boost,plastic,14055,1.5lt,34107.87
7409,2018-11-30,shop_2,lemon-boost,can,27878,330ml,15230.15
7410,2018-11-30,shop_6,kinder-cola,glass,15520,500ml,22728.68
7411,2018-11-30,shop_6,kinder-cola,plastic,10694,1.5lt,39578.92
7412,2018-11-30,shop_6,kinder-cola,can,20095,330ml,17744.57
7413,2018-11-30,shop_6,adult-cola,glass,20528,500ml,29797.84
7414,2018-11-30,shop_6,adult-cola,plastic,35273,1.5lt,59556.12
7415,2018-11-30,shop_6,adult-cola,can,49568,330ml,21615.7
7416,2018-11-30,shop_6,orange-power,glass,32467,500ml,31559.0
7417,2018-11-30,shop_6,orange-power,plastic,26346,1.5lt,56569.96
7418,2018-11-30,shop_6,orange-power,can,50896,330ml,26549.35
7419,2018-11-30,shop_6,gazoza,glass,51877,500ml,35173.82
7420,2018-11-30,shop_6,gazoza,plastic,37138,1.5lt,44309.63
7421,2018-11-30,shop_6,gazoza,can,70189,330ml,24241.86
7422,2018-11-30,shop_6,lemon-boost,glass,28575,500ml,28757.78
7423,2018-11-30,shop_6,lemon-boost,plastic,24412,1.5lt,45152.31
7424,2018-11-30,shop_6,lemon-boost,can,32845,330ml,17995.22
7425,2018-11-30,shop_4,kinder-cola,glass,6036,500ml,11792.87
7426,2018-11-30,shop_4,kinder-cola,plastic,9327,1.5lt,35339.99
7427,2018-11-30,shop_4,kinder-cola,can,23111,330ml,15767.53
7428,2018-11-30,shop_4,adult-cola,glass,32197,500ml,32646.17
7429,2018-11-30,shop_4,adult-cola,plastic,14744,1.5lt,39491.92
7430,2018-11-30,shop_4,adult-cola,can,26810,330ml,19381.02
7431,2018-11-30,shop_4,orange-power,glass,28249,500ml,27834.87
7432,2018-11-30,shop_4,orange-power,plastic,29239,1.5lt,34980.35
7433,2018-11-30,shop_4,orange-power,can,22363,330ml,14905.46
7434,2018-11-30,shop_4,gazoza,glass,33272,500ml,25374.31
7435,2018-11-30,shop_4,gazoza,plastic,22812,1.5lt,30508.11
7436,2018-11-30,shop_4,gazoza,can,62409,330ml,17818.42
7437,2018-11-30,shop_4,lemon-boost,glass,37416,500ml,24809.42
7438,2018-11-30,shop_4,lemon-boost,plastic,23270,1.5lt,25507.49
7439,2018-11-30,shop_4,lemon-boost,can,16384,330ml,12096.66
7440,2018-11-30,shop_3,kinder-cola,glass,4369,500ml,8297.16
7441,2018-11-30,shop_3,kinder-cola,plastic,4017,1.5lt,18178.14
7442,2018-11-30,shop_3,kinder-cola,can,12587,330ml,9141.56
7443,2018-11-30,shop_3,adult-cola,glass,14611,500ml,18598.69
7444,2018-11-30,shop_3,adult-cola,plastic,17171,1.5lt,30277.77
7445,2018-11-30,shop_3,adult-cola,can,21384,330ml,14697.22
7446,2018-11-30,shop_3,orange-power,glass,21074,500ml,18465.82
7447,2018-11-30,shop_3,orange-power,plastic,19604,1.5lt,26921.18
7448,2018-11-30,shop_3,orange-power,can,20749,330ml,11909.35
7449,2018-11-30,shop_3,gazoza,glass,38484,500ml,22564.13
7450,2018-11-30,shop_3,gazoza,plastic,23552,1.5lt,24690.96
7451,2018-11-30,shop_3,gazoza,can,36750,330ml,12054.49
7452,2018-11-30,shop_3,lemon-boost,glass,10599,500ml,11580.77
7453,2018-11-30,shop_3,lemon-boost,plastic,9963,1.5lt,17422.94
7454,2018-11-30,shop_3,lemon-boost,can,15028,330ml,9808.62
7470,2018-12-31,shop_1,kinder-cola,glass,13173,500ml,19767.13
7471,2018-12-31,shop_1,kinder-cola,plastic,13760,1.5lt,34718.96
7472,2018-12-31,shop_1,kinder-cola,can,17914,330ml,14459.07
7473,2018-12-31,shop_1,adult-cola,glass,24731,500ml,26352.98
7474,2018-12-31,shop_1,adult-cola,plastic,14736,1.5lt,42677.63
7475,2018-12-31,shop_1,adult-cola,can,19982,330ml,16679.76
7476,2018-12-31,shop_1,orange-power,glass,30190,500ml,27046.19
7477,2018-12-31,shop_1,orange-power,plastic,16309,1.5lt,35496.77
7478,2018-12-31,shop_1,orange-power,can,35678,330ml,17468.12
7479,2018-12-31,shop_1,gazoza,glass,32945,500ml,21410.24
7480,2018-12-31,shop_1,gazoza,plastic,25987,1.5lt,31905.25
7481,2018-12-31,shop_1,gazoza,can,58782,330ml,14281.79
7482,2018-12-31,shop_1,lemon-boost,glass,19081,500ml,16828.15
7483,2018-12-31,shop_1,lemon-boost,plastic,12874,1.5lt,29365.81
7484,2018-12-31,shop_1,lemon-boost,can,21678,330ml,13528.93
7485,2018-12-31,shop_2,kinder-cola,glass,19015,500ml,24544.07
7486,2018-12-31,shop_2,kinder-cola,plastic,18412,1.5lt,37916.68
7487,2018-12-31,shop_2,kinder-cola,can,16885,330ml,16668.02
7488,2018-12-31,shop_2,adult-cola,glass,24615,500ml,31033.31
7489,2018-12-31,shop_2,adult-cola,plastic,24141,1.5lt,56904.9
7490,2018-12-31,shop_2,adult-cola,can,61297,330ml,19985.15
7491,2018-12-31,shop_2,orange-power,glass,32307,500ml,30509.91
7492,2018-12-31,shop_2,orange-power,plastic,25003,1.5lt,51556.59
7493,2018-12-31,shop_2,orange-power,can,46792,330ml,22768.8
7494,2018-12-31,shop_2,gazoza,glass,51730,500ml,33445.87
7495,2018-12-31,shop_2,gazoza,plastic,35712,1.5lt,39040.56
7496,2018-12-31,shop_2,gazoza,can,57179,330ml,20710.27
7497,2018-12-31,shop_2,lemon-boost,glass,27339,500ml,23348.62
7498,2018-12-31,shop_2,lemon-boost,plastic,23724,1.5lt,34677.27
7499,2018-12-31,shop_2,lemon-boost,can,32972,330ml,19778.42
7500,2018-12-31,shop_6,kinder-cola,glass,26319,500ml,34700.65
7501,2018-12-31,shop_6,kinder-cola,plastic,19155,1.5lt,54731.94
7502,2018-12-31,shop_6,kinder-cola,can,24378,330ml,20837.36
7503,2018-12-31,shop_6,adult-cola,glass,34520,500ml,45488.12
7504,2018-12-31,shop_6,adult-cola,plastic,40037,1.5lt,62760.63
7505,2018-12-31,shop_6,adult-cola,can,53881,330ml,30027.36
7506,2018-12-31,shop_6,orange-power,glass,41287,500ml,39378.17
7507,2018-12-31,shop_6,orange-power,plastic,52959,1.5lt,60090.35
7508,2018-12-31,shop_6,orange-power,can,60454,330ml,30220.42
7509,2018-12-31,shop_6,gazoza,glass,39268,500ml,30010.1
7510,2018-12-31,shop_6,gazoza,plastic,40326,1.5lt,49705.59
7511,2018-12-31,shop_6,gazoza,can,48980,330ml,20873.92
7512,2018-12-31,shop_6,lemon-boost,glass,24195,500ml,27532.83
7513,2018-12-31,shop_6,lemon-boost,plastic,29126,1.5lt,48689.03
7514,2018-12-31,shop_6,lemon-boost,can,40382,330ml,24775.25
7515,2018-12-31,shop_4,kinder-cola,glass,19736,500ml,24750.86
7516,2018-12-31,shop_4,kinder-cola,plastic,15391,1.5lt,44985.95
7517,2018-12-31,shop_4,kinder-cola,can,36361,330ml,18122.06
7518,2018-12-31,shop_4,adult-cola,glass,40992,500ml,36383.33
7519,2018-12-31,shop_4,adult-cola,plastic,20691,1.5lt,44976.67
7520,2018-12-31,shop_4,adult-cola,can,33052,330ml,24999.98
7521,2018-12-31,shop_4,orange-power,glass,25150,500ml,27720.69
7522,2018-12-31,shop_4,orange-power,plastic,29469,1.5lt,50085.52
7523,2018-12-31,shop_4,orange-power,can,38485,330ml,23352.61
7524,2018-12-31,shop_4,gazoza,glass,46670,500ml,32745.89
7525,2018-12-31,shop_4,gazoza,plastic,31618,1.5lt,39051.55
7526,2018-12-31,shop_4,gazoza,can,54365,330ml,21244.32
7527,2018-12-31,shop_4,lemon-boost,glass,24681,500ml,26217.81
7528,2018-12-31,shop_4,lemon-boost,plastic,17184,1.5lt,46977.59
7529,2018-12-31,shop_4,lemon-boost,can,45128,330ml,20912.84
7530,2018-12-31,shop_3,kinder-cola,glass,8301,500ml,11905.75
7531,2018-12-31,shop_3,kinder-cola,plastic,10670,1.5lt,20390.76
7532,2018-12-31,shop_3,kinder-cola,can,18576,330ml,8379.79
7533,2018-12-31,shop_3,adult-cola,glass,13662,500ml,16052.53
7534,2018-12-31,shop_3,adult-cola,plastic,18303,1.5lt,22539.67
7535,2018-12-31,shop_3,adult-cola,can,27178,330ml,14621.91
7536,2018-12-31,shop_3,orange-power,glass,35324,500ml,24912.91
7537,2018-12-31,shop_3,orange-power,plastic,16088,1.5lt,37290.97
7538,2018-12-31,shop_3,orange-power,can,22219,330ml,13301.17
7539,2018-12-31,shop_3,gazoza,glass,33174,500ml,18858.04
7540,2018-12-31,shop_3,gazoza,plastic,10160,1.5lt,16605.47
7541,2018-12-31,shop_3,gazoza,can,22206,330ml,9736.28
7542,2018-12-31,shop_3,lemon-boost,glass,18752,500ml,17586.79
7543,2018-12-31,shop_3,lemon-boost,plastic,14669,1.5lt,24965.09
7544,2018-12-31,shop_3,lemon-boost,can,22864,330ml,9332.61
